2978 4950
154 241 208 295 XII
503 237 702 294 REGINONIS
720 236 938 294 CHRONIOON.

239 395 267 456 A
285 397 335 459 le.
359 393 453 457 coderc
473 391 715 456 Vindobonensis
729 415 757 455 n.
769 392 853 458 3522
867 414 947 459 saec.
959 392 989 453 Χ
997 392 1029 457 V.
1045 391 1094 475 (in
1109 391 1155 458 ed.
1165 391 1289 454 Pcrtzii

154 519 185 558 n.
201 495 257 579 12)
279 495 452 578 descriptus
474 516 513 558 err
535 494 637 558 codice
659 493 689 555 A
707 494 771 571 1d‚·

240 612 339 697 Alf
362 614 457 677 roden
478 613 667 678 Mutinensis
687 611 734 675 VI
747 613 781 675 F
791 613 821 690 5,
844 613 898 696 qui
919 633 1002 675 anno
1022 612 1113 678 1093.
1136 621 1288 675 erraratus

153 737 249 778 unum
285 715 398 778 librum
436 716 573 800 priorem
609 737 677 778 cum
715 714 818 779 Gestis
854 714 1034 800 pontificum
1069 715 1288 778 Romanorum

155 818 302 898 continet;

240 918 340 1005 A19.
363 920 433 983 ride
456 919 551 982 Bet.

240 1022 271 1084 A
285 1023 314 1085 2.
338 1021 434 1086 coderc
455 1021 625 1085 Parisinus
646 1044 676 1083 n.
691 1023 775 1087 5018
798 1043 875 1088 saec.
891 1018 948 1084 XI.
995 1021 1057 1084 Hic
1080 1021 1171 1100 liber,
1198 1044 1287 1105 quem

154 1125 256 1189 sunol'
288 1123 443 1207 Stephani
473 1124 627 1208 (fortasse
651 1121 954 1206 Halberstadensis)‚
977 1133 1085 1208 postea
1107 1123 1144 1185 P.
1163 1123 1289 1188 Pitbori

154 1237 182 1290 et
204 1228 268 1292 Iac.
290 1227 372 1312 Any.
392 1227 521 1290 Tbuani
534 1226 639 1310 fuisse
657 1248 696 1289 err
716 1227 785 1311 ipso
806 1225 1021 1309 perspicimus,
1044 1224 1203 1288 clauditur
1220 1226 1288 1289 iam

154 1351 184 1393 a.
200 1330 272 1396 867.
295 1329 395 1393 verbis
417 1329 536 1393 iterato
559 1327 683 1392 crudeli
704 1348 896 1410 nequaquam
920 1326 1056 1390 mutilus.

239 1448 270 1510 A
284 1448 335 1511 2³⁸.
355 1470 376 1511 a
394 1471 440 1511 me
457 1449 600 1532 siqnatus
617 1457 659 1512 est
676 1447 758 1510 idem
772 1447 867 1510 codcrc
880 1446 1103 1526 Einsidlensis‚
1120 1448 1175 1531 qui
1192 1447 1287 1531 infra

154 1550 217 1613 Β1
242 1550 437 1613 nominatur:
459 1549 513 1613 ille
535 1549 631 1628 enim,
657 1570 844 1633 quamquam
867 1550 1031 1613 cbronicon
1054 1551 1156 1635 ipsum
1178 1573 1216 1614 erc
1239 1573 1286 1614 co·

153 1653 222 1716 dice
239 1652 271 1715 Β
292 1652 481 1736 descriptum
503 1652 601 1731 babet,
624 1661 723 1714 tamen
742 1651 1002 1715 continuationem
1024 1652 1160 1717 ecodice
1183 1653 1213 1715 A
1233 1674 1286 1736 pe-

154 1755 243 1818 titam
272 1777 365 1838 usque
392 1755 436 1818 ud
463 1777 492 1818 a.
508 1755 580 1819 939.
608 1754 754 1834 continet,
782 1755 837 1818 ubi
865 1755 1025 1818 clauditur
1051 1756 1150 1820 uerbis
1173 1754 1286 1837 Capri-

156 1860 299 1922 montem
322 1855 491 1921 obsidione
513 1857 548 1919 in
560 1857 627 1939 fine
650 1857 787 1921 mutilus.

240 1973 271 2038 A
285 1976 314 2040 3.
339 1976 435 2040 codcrr
448 1975 616 2039 Parisinus
636 1977 751 2056 11851,
771 1977 852 2040 inter
866 1975 1148 2062 Sanqermanenscs
1165 2001 1195 2041 n.
1210 1978 1285 2058 440,

153 2081 175 2144 i.
188 2102 212 2144 e.
229 2080 324 2144 coderr
337 2079 550 2163 autoqraplrus
564 2077 751 2144 Annalistae
767 2079 904 2144 Sarranis
922 2078 997 2163 (SS.
1011 2079 1081 2164 VI),
1095 2082 1182 2166 apud
1196 2105 1285 2166 quem

153 2183 193 2246 ab
215 2205 245 2246 a.
261 2181 334 2248 741.
357 2181 438 2245 inter
459 2180 541 2244 alios
555 2179 662 2264 fontes
684 2182 775 2246 buius
792 2204 906 2267 quoquc
924 2183 1062 2246 chronici
1082 2194 1109 2247 et
1127 2185 1285 2248 continua-

153 2285 248 2348 tionis
276 2283 417 2346 marrima
451 2305 530 2367 pars
564 2304 602 2345 erc
633 2282 811 2348 Annalibus
841 2283 1125 2370 Nienburqensibus
1159 2286 1286 2350 amissis

153 2395 277 2450 servata
299 2394 342 2448 est
364 2385 411 2447 ita
428 2383 472 2448 ad
489 2384 613 2448 uerbum
630 2384 798 2470 descripta,
819 2397 854 2449 ut
875 2387 956 2450 inter
978 2387 1095 2451 codices
1113 2389 1286 2473 Reyinonis

155 2487 366 2551 numerandus
388 2487 436 2550 sit.
482 2486 577 2550 Finis
603 2487 844 2553 continuationis
867 2489 1005 2554 omnibus
1031 2491 1107 2553 aliis
1130 2490 1285 2553 codicibus

156 2589 364 2673 deficientibus
386 2589 440 2652 lroc
461 2612 522 2654 uno
548 2589 696 2653 traditur.
743 2590 883 2656 Annales
906 2592 1185 2678 Maydeburqcnscs
1208 2589 1283 2675 (SS.

157 2691 269 2776 XVI),
296 2693 352 2776 qui
372 2691 437 2775 ipsi
458 2714 574 2776 quoque
595 2715 610 2756 e
633 2691 920 2778 Nicnburaensibus
941 2696 1118 2773 hauserunt,
1140 2695 1229 2776 fonte
1251 2716 1285 2756 eo

155 2806 244 2860 tanta
262 2818 329 2858 cunr
352 2794 490 2859 libertate
507 2797 559 2860 usi
576 2807 655 2875 sunt,
677 2805 712 2858 ut
728 2795 815 2859 nobis
833 2797 887 2859 boc
905 2796 970 2860 loco
988 2797 1105 2860 nullius
1123 2797 1185 2860 sint
1202 2819 1283 2860 usus.

240 2915 280 2979 B.
309 2915 420 2980 Omnes
433 2916 525 2980 ceteri
538 2917 655 2981 codices
669 2916 707 2979 ab
722 2937 783 2979 uno
797 2917 935 3000 ercemplo
944 2917 1127 2980 derivantur
1137 2915 1157 2999 (
1152 2915 1216 2978 cod.
1228 2916 1258 2978 Β
1256 2915 1285 2998 ),

156 3021 210 3105 qui
231 3043 292 3084 non
314 3021 381 3084 iam
403 3030 512 3086 eustat.
561 3017 658 3083 Cuius
680 3020 746 3082 tria
768 3028 838 3081 sunt
859 3017 1001 3102 exempla
1024 3018 1054 3080 B
1071 3018 1180 3082 1-3:

241 3138 272 3199 Β
287 3142 314 3203 1.
338 3138 434 3201 coderc
456 3137 667 3201 Einsidlensis
689 3160 718 3200 n.
734 3137 797 3202 359
819 3159 899 3201 saec.
919 3137 958 3200 X.
982 3137 1137 3217 curuatis·
1167 3135 1204 3201 de
1226 3159 1286 3221 quo

156 3238 197 3324 cf.
221 3240 252 3302 A
267 3238 318 3306 2*.
357 3239 411 3302 Ere
433 3262 467 3304 eo
487 3239 621 3323 pendent
642 3238 676 3301 bi
697 3248 773 3302 tres:

243 3359 274 3421 Β
286 3361 341 3423 la.
358 3359 452 3423 coderc
464 3359 632 3422 Parisinus
645 3381 674 3420 u.
684 3357 768 3424 5016
783 3380 860 3422 saec.
873 3357 929 3422 XI.
946 3358 995 3443 (in
1009 3359 1055 3422 ed.
1067 3357 1185 3420 Pertzii
1193 3381 1222 3422 n.
1232 3359 1285 3438 6);

243 3478 274 3541 Β
291 3477 341 3541 lb.
366 3478 461 3541 coderc
482 3477 641 3541 Murensis
663 3500 740 3542 saec.
758 3479 843 3558 ΧΙΙ,,
868 3479 923 3563 qui
945 3478 1109 3541 chronicon
1131 3500 1169 3540 erc
1192 3478 1286 3560 Reri-

157 3603 248 3661 none,
272 3581 466 3644 Herimanno
487 3579 659 3664 Aradium,
687 3579 858 3662 Bernoldo,
890 3579 1061 3644 Bertlroldo
1087 3579 1286 3663 compilatum

158 3705 225 3745 cunr
254 3682 432 3746 Annalibus
456 3680 488 3745 S.
509 3681 620 3745 Blasii
650 3683 835 3763 continebat,
863 3705 944 3746 nunc
972 3691 1071 3745 autern
1100 3681 1287 3745 monasterio

157 3785 299 3848 Murensi
320 3807 350 3851 a.
367 3785 459 3850 1841.
482 3783 601 3847 sublato
623 3785 714 3866 latct;

243 3904 274 3966 Β
289 3906 338 3968 lc.
362 3901 458 3966 codcrc
471 3903 727 3988 Enqelberqrnsis
740 3926 817 3971 suec.
828 3902 904 3968 XII.
918 3924 933 3965 e
946 3901 1092 3964 Murensi
1104 3900 1286 3984 descriptus.

243 4023 275 4086 B
289 4024 317 4086 2.
341 4022 436 4086 cadero
459 4021 697 4109 Sclafhusanus
719 4047 749 4087 n.
768 4024 828 4088 109
850 4043 927 4084 saec.
944 4018 983 4081 X.
1007 4018 1145 4081 exeuntis
1168 4018 1218 4100 (in
1240 4022 1286 4082 ed.

158 4125 391 4210 Pertriin.1)‚
405 4124 546 4210 fortasse
573 4126 712 4190 Treuiris
734 4132 892 4188 erraratus.
938 4119 990 4182 En
1013 4141 1045 4182 co
1063 4118 1228 4203 flauerunt
1255 4122 1288 4184 lsi

157 4228 314 4291 undecim:
