2978 4950
71 2318 88 2356 Ρ·
97 2312 154 2364 580.

440 347 638 404 REGINONIS
656 347 873 404 CHRONICON.
908 349 940 404 Α.
954 353 1014 408 868.
1255 357 1289 410 95

163 505 210 574 qui
235 519 329 557 causas
356 504 463 556 nostrae
489 502 657 556 calumniae⁸
684 506 712 556 et
737 501 921 557 fraudulentas
948 505 1112 558 aemulorum
1138 508 1289 560 nostrorum

162 571 359 644 quaerimonias
373 573 430 624 tam
444 570 560 639 benigno
574 570 647 638 patri
666 571 812 640 aequitatis
832 587 866 624 ac
880 571 1003 626 iustitiae
1017 574 1093 627 lance
1106 573 1289 694 gonderandas

163 657 193 696 ac
207 638 423 694 determinandas
437 637 471 692 ad
484 641 590 705 tempus
604 645 632 692 et
645 639 674 692 in
687 641 765 705 parte
780 639 971 703 commisimus;
985 641 1039 704 sed,
1054 658 1105 710 quo
1137 642 1290 723 lugubriter

162 708 332 776 replicamus,
351 707 412 773 plus
426 706 497 773 apud
510 707 685 760 sanctitatem
698 706 773 760 illius
791 707 917 761 valuereb
935 712 1085 763 nostrorum
1103 710 1289 764 inim1comm0

163 777 277 831 insidiae
295 779 324 830 et
340 774 483 829 simulatae
502 774 678 842 deceptiones,
697 791 777 844 quam
795 779 887 829 nostra
904 777 1016 844 simplex
1034 781 1062 831 et
1078 795 1146 845 pura
1163 778 1289 833 defensio.

163 845 217 900 Nos
236 845 321 899 enirn
339 843 440 896 litteris
458 845 486 896 et
503 843 591 897 verbis
605 843 787 897 indesinenter
799 844 995 910 proclamantes
1009 848 1037 900 et
1051 845 1162 900 diversis
1175 848 1289 915 legatio-

163 914 241 969 nibus
264 912 358 966 eadem
380 913 532 978 repetentes
554 911 695 965 humiliter
716 912 923 978 postulavimus,
951 917 982 968 ut
1004 931 1050 967 nos
1074 917 1102 968 et
1124 918 1290 970 accusatores

164 982 249 1037 nostri
269 980 347 1035 iuxta
368 978 473 1033 divinas
494 982 523 1033 et
544 979 675 1033 humanas
697 978 771 1047 leges
794 980 854 1033 sui(1
872 981 1003 1048 pontificii
1021 982 1188 1037 audientiam
1206 1000 1289 1038 mere·

164 1066 260 1114 remur,
273 1051 308 1102 ut
319 1048 388 1101 ratio
402 1047 488 1109 docet,
502 1049 620 1101 nostram
633 1048 797 1114 presentiam
812 1048 970 1103 exhibendo:
993 1050 1039 1104 sed
1052 1067 1177 1118 semper
1189 1052 1290 1119 repulsi

164 1116 290 1172 snmua'.
314 1116 356 1178 Et
368 1121 440 1197 DOSb
454 1135 569 1194 pauca:
590 1131 662 1186 ‘Sed
676 1132 739 1201 quia
752 1132 824 1185 Deus
838 1133 1003 1200 omnipotens
1016 1135 1139 1203 princeps
1152 1138 1290 1202 pastorum

164 1204 193 1258 in
213 1202 265 1257 illa
286 1203 397 1255 sancta⁰
419 1199 481 1254 sede
504 1201 604 1254 vestrif
626 1199 797 1268 pontificatus
821 1201 924 1268 apicem
946 1202 1116 1268 sublimavit,
1139 1203 1162 1256 si
1184 1206 1290 1270 tempus

165 1271 296 1334 arrident,
321 1271 438 1324 vestrum
456 1269 665 1337 multiplicitert
681 1268 862 1322 desideramus
883 1273 1052 1336 conspectum
1074 1274 1103 1325 et
1119 1271 1215 1325 vestris
1233 1273 1290 1326 Deo

165 1339 256 1420 dignis
273 1338 389 1393 animari
412 1337 550 1407 colloquiis
569 1353 599 1391 ac
622 1337 752 1390 melliflua
773 1337 958 1392 benedictione
976 1339 1080 1406 potiri'.
1116 1339 1159 1402 Et
1175 1339 1209 1402 in
1226 1338 1289 1404 fine

164 1427 266 1490 ipsius
288 1404 459 1489 epistolae:
487 1421 615 1476 ‘Interea
637 1422 722 1476 modis
745 1422 868 1476 omnibus
893 1422 1068 1487 obsecramus,
1093 1428 1125 1478 ut
1146 1424 1179 1477 de
1200 1428 1290 1479 vestra

164 1491 300 1560 optabilih
321 1491 499 1559 prosperitate
521 1490 623 1544 litteris
644 1489 740 1544 vestris
763 1490 949 1545 celsitudinem
971 1495 1090 1546 nostram
1113 1496 1214 1547 certam
1231 1493 1290 1547 red·

165 1560 258 1615 dentes
275 1575 353 1614 carae
370 1558 511 1614 filiationis
528 1574 624 1612 munus
641 1558 717 1612 nobis
735 1558 868 1625 impertiri
888 1558 1045 1627 dignemini.

251 1627 301 1691 Ad
331 1628 411 1691 haec
441 1625 646 1709 supradictus
676 1646 762 1707 papa
793 1627 997 1709 rescripsitl,
1029 1626 1138 1691 sedem
1169 1628 1291 1692 sancti¹

166 1713 255 1777 Petri
276 1732 403 1794 semper
424 1717 571 1794 paratam
594 1731 664 1774 esse
686 1709 817 1794 dignam
834 1710 1089 1776 satisfactionem
1108 1712 1293 1795 suscipere¹

165 1818 235 1875 nec,
265 1796 351 1883 quod
377 1795 505 1860 divinae
531 1796 753 1880 humanaeque
779 1795 865 1878 leges
892 1797 975 1862 iuste
1002 1797 1192 1875 decernunt,
1221 1818 1292 1862 um-

166 1903 264 1967 quam
289 1881 499 1965 reppulisse¹:
522 1882 642 1963 itaque,
666 1883 695 1945 si
716 1901 750 1945 se
773 1881 947 1946 immunem
970 1882 1010 1947 ab
1030 1882 1164 1948 obiectis
1184 1884 1292 1962 sciret,

166 1967 347 2033 cumomni
370 1965 488 2032 fiducia
509 1965 617 2030 sedem
639 1966 848 2048 apostolicam
872 1973 1035 2050 oporteret
1057 1967 1158 2047 adire,
1180 1974 1217 2032 ut
1239 1990 1293 2032 ex-

166 2054 299 2136 petitam
312 2051 567 2116 benedictionem
585 2053 806 2134 perciperetm3
825 2052 853 2115 si
871 2057 978 2117 autem
997 2053 1125 2136 culpam
1142 2074 1292 2136 recogno-

167 2143 280 2215 sceret,
303 2136 511 2202 nihilominus
530 2135 652 2217 absque
676 2136 870 2201 hesitatione
888 2138 996 2202 venire
1013 2137 1193 2217 festinaret,
1218 2159 1292 2202 con·

168 2222 285 2306 dignan
312 2223 548 2306 poenitentiae⁰
569 2221 713 2286 remedia
736 2228 954 2304 suscepturus.

252 2307 348 2371 *His1’
361 2306 560 2391 temporibus
573 2327 650 2390 gens
664 2305 895 2389 Vulgarum-²
913 2307 1133 2372 ferocissimar
1146 2328 1185 2371 ac
1201 2306 1293 2372 belli·
1311 2318 1395 2385 (864).

168 2413 243 2459 cosa
255 2393 378 2457 relictis
392 2392 487 2457 idolis
501 2393 818 2474 abrenuntiatisque⁸
827 2392 992 2475 gentilium
1008 2392 1292 2476 superstitionibus

127 2527 143 2550 .
166 2478 199 2541 in
222 2477 384 2543 Christum
413 2499 453 2541 ex
477 2478 677 2561 permaxima
697 2483 790 2561 parte
812 2477 989 2557 credidit33
1020 2485 1051 2542 et
1073 2477 1185 2542 abluta
1208 2477 1290 2543 salu-

166 2564 229 2627 tari
260 2562 466 2646 baptismatis
497 2562 584 2626 unda
614 2563 648 2626 in
683 2563 870 2645 religionem
906 2564 1117 2628 christianam
1152 2564 1292 2629 transiit.

169 2647 289 2713 Directi
322 2654 397 2712 sunt
426 2651 535 2712 autem
567 2668 586 2712 a
618 2647 693 2712 sede
725 2649 905 2728 apostolica
935 2650 970 2712 in
1000 2649 1134 2714 candem
1165 2654 1293 2732 gentem

167 2732 350 2798 sacerdotes
367 2754 406 2798 ao
424 2732 485 2796 riri
504 2732 656 2814 religiosi,
675 2734 731 2815 qui
748 2734 903 2817 populum
921 2735 1026 2798 adhuc
1045 2733 1157 2798 rudem
1176 2734 1293 2800 divinis

165 2817 377 2883 informarent
403 2819 564 2901 preceptis
591 2823 624 2881 et
646 2818 803 2882 incultam
831 2819 1015 2884 barbariem
1038 2821 1140 2884 seems
1163 2820 1294 2902 dogma-

165 2903 253 2968 tibus
282 2903 463 2968 excolentes
493 2903 621 2968 Christo
658 2909 786 2985 gratum
815 2902 1037 2968 habitaculum
1069 2911 1291 2986 prepararent.

166 2988 209 3054 Ut
229 2988 326 3053 huius
354 3009 427 3052 vere
450 2995 581 3053 sanctae
603 2988 783 3052 devotionis
810 3009 891 3071 opus
917 3008 1105 3071 prosperum
1133 2988 1294 3054 obtineret

167 3072 331 3151 effectum,
366 3071 569 3138 Ludowicust
603 3073 889 3138 christianissimus
925 3093 997 3150 rex,
1032 3072 1088 3154 qui
1123 3072 1292 3138 Germanis

165 3158 355 3243 imperabat,
385 3179 449 3221 non
479 3158 641 3223 mediocre
672 3157 800 3240 prebuit
832 3158 1097 3241 supplementum.
1151 3156 1296 3222 Feruntl'

165 3251 272 3310 autem
299 3244 339 3308 de
360 3242 459 3308 huius
481 3244 584 3327 gentis
606 3264 694 3325 rege,
723 3242 856 3325 quoda
882 3249 975 3307 tanta
1000 3242 1196 3326 perfectione
1217 3248 1293 3326 post

164 3333 348 3412 perceptam
369 3328 522 3412 baptismi
545 3329 684 3410 gratiam
706 3329 836 3412 ceperit,
860 3333 916 3393 utv
933 3327 1048 3393 diebus
1069 3330 1292 3392 ornamentisW

165 3489 280 3530 scalam
296 3491 347 3530 niae
360 3491 407 3530 Bl.
422 3491 442 3530 8.
507 3489 531 3538 b)
552 3488 734 3530 valueruntdd.
799 3488 821 3540 c)
841 3489 940 3538 deestA3
958 3489 1094 3530 aemulorum
1107 3492 1229 3529 nostrorum
1243 3489 1290 3530 aa.

165 3541 253 3582 deins
295 3542 315 3581 3.
369 3541 391 3591 e)
408 3541 522 3581 deutris.
576 3541 655 3590 ovim
668 3543 717 3581 Ba.
769 3540 794 3591 g)
814 3540 1039 3581 multiformiterdtt.
1096 3540 1119 3591 h)
1139 3540 1229 3580 obtabilt
1242 3540 1291 3580 Al.

164 3591 182 3641 1)
194 3592 314 3633 baanae.
367 3593 392 3643 k)
404 3593 516 3642 percipere
530 3592 581 3643 ,413
599 3591 757 3640 reciperent.
814 3591 962 3642 l)repulllsse
975 3593 1023 3630 Ba.
1076 3591 1108 3641 m)
1125 3591 1295 3640 reciperatae.

164 3641 188 3684 nl
209 3643 331 3693 condignae
344 3643 391 3684 As.
458 3643 479 3692 o)
501 3644 667 3693 pomaria.
732 3641 757 3693 p)
777 3643 943 3692 His-prebuit
960 3642 1136 3692 supplementum
1155 3643 1228 3682 caum
1241 3643 1289 3682 AS.

165 3692 394 3745 vanigrornmdn
413 3694 530 3742 bulgarum
544 3695 591 3734 BS.
645 3694 666 3744 r)
679 3693 859 3735 formsrmanr.
911 3692 932 3744 a)
946 3693 1023 3733 adron.
1038 3694 1086 3735 Bl.
1137 3693 1154 3744 t)
1168 3693 1228 3733 hlud.
1242 3692 1290 3733 Ar.

164 3745 322 3797 u)Ferturde
335 3745 411 3786 eodem
425 3755 478 3794 rege
492 3746 532 3785 218
545 3743 639 3796 (α.867).
693 3743 716 3796 v)
730 3745 786 3794 quod
800 3745 847 3784 ΑΙ.
900 3747 929 3796 w)
943 3746 1040 3784 hornum.
1055 3745 1104 3784 Bt.

166 3871 191 3937 1)
209 3875 255 3928 De
271 3873 325 3928 bac
342 3874 460 3941 epistula
473 3873 542 3927 alibi
552 3873 622 3926 aabd
635 3873 812 3939 comperimus
817 3892 827 3938 ;
845 3874 882 3940 cf.
896 3873 1038 3927 Datmmler
1051 3874 1094 3939 II,
1108 3874 1167 3936 228,
1186 3869 1295 3925 ‘Neues

165 3942 278 3996 Archio'
288 3942 354 4008 XV,
365 3942 424 3996 321.
460 3940 487 4006 2)
501 3942 526 3995 Ι.
539 3957 562 3994 e.
571 3941 701 4008 Balpari,
709 3956 775 4008 geas
784 3942 897 4009 originis
906 3943 1049 4007 Fiaaicae,
1059 3943 1108 3995 sed
1117 3957 1176 3995 cam
1185 3939 1296 3994 Solacia

165 4009 262 4077 mista,
279 4026 351 4077 qaae
364 4010 499 4064 Moesiam
518 4010 641 4077 aliaeque
657 4009 688 4062 ia
706 4010 803 4064 dextra
814 4010 945 4064 Danubii
959 4011 986 4062 ri
1005 4026 1023 4063 a
1039 4013 1159 4078 regiones
1176 4024 1294 4075 occupa·

164 4085 240 4133 cerat
256 4085 338 4145 atqae
356 4079 436 4132 eliam
453 4077 666 4131 Marabease'am
684 4092 777 4144 regno,
795 4083 939 4145 antequam
984 4081 1067 4145 agari
1083 4079 1294 4141 interemerant,

162 4159 251 4210 paene
264 4145 387 4214 finitima
404 4146 510 4199 oidetar
526 4144 629 4211 scaea
654 4143 690 4206 cf.
709 4146 852 4199 Ditmmler
865 4146 892 4211 I,
914 4147 948 4200 33
961 4161 999 4213 sq.
1077 4144 1105 4210 3)
1132 4146 1166 4197 A.
1181 4146 1239 4208 864,
1262 4150 1296 4198 ar

164 4213 279 4280 videram
304 4214 422 4281 Bogore's
447 4214 635 4280 Bolani-oram
662 4230 710 4267 rea
737 4213 902 4279 baptismam
928 4229 989 4267 cam
1014 4215 1122 4267 nomine
1148 4213 1296 4267 Michaelis

164 4284 282 4404 ffoepgti
300 4297 354 4350 qao
371 4282 447 4348 facto
465 4281 546 4336 aiam
565 4281 688 4337 abditos
705 4297 770 4336 suos
782 4281 946 4336 christianos
958 4282 1021 4346 fieri
1032 4282 1123 4348 coegit.
1150 4281 1296 4334 Dammler

200 4390 209 4418 ‚
227 4353 242 4404 1
292 4367 347 4418 arr·
