2978 4950
262 300 326 355 XVI
611 296 810 354 REGINONIS
827 295 1045 352 OHRONICON.

261 452 396 536 Nepleeci
409 473 524 536 quoque
538 451 672 514 minima
686 452 849 536 quaedam,
867 461 901 513 ut
915 451 1056 514 lectiones
1069 451 1150 514 inter
1164 470 1181 513 e
1194 460 1223 514 et
1237 469 1288 528 ae,
1311 450 1324 513 i
1338 459 1369 513 et
1381 471 1402 532 y

262 555 412 638 (euoeptis
425 553 601 617 nominibus
612 553 782 637 propriis),
805 553 835 616 oi
852 563 880 616 et
897 552 932 632 ti,
957 551 1013 617 ob·
1031 563 1059 617 ct
1073 572 1138 634 op-,
1161 550 1249 635 apud
1262 562 1294 616 et
1308 557 1401 635 aput,

263 654 397 738 aliquod
410 665 438 718 et
452 654 585 736 aliquot,
608 654 721 737 inquid
735 665 764 719 et
781 655 895 736 inquit,
919 675 972 717 ex·
989 665 1018 718 ct
1035 674 1115 734 ens,
1138 653 1228 717 adm·
1241 665 1270 718 et
1284 675 1400 733 amm-,

263 758 329 822 inr-
343 767 371 821 et
383 757 453 836 irr-,
472 756 595 820 similia
607 759 783 821 uariantes:
801 758 837 821 id
850 758 886 820 in
899 767 1013 820 tentum
1025 758 1137 842 recepi,
1159 759 1242 842 quod
1253 757 1401 841 plurium

262 870 317 923 aut
345 859 507 922 meliorum
536 858 674 921 codicum
703 859 886 922 auctoritate
915 860 1202 938 commendabatur;
1233 882 1285 939 ca,
1320 882 1400 944 quae

263 983 325 1026 non
348 962 464 1044 recepi,
488 961 612 1024 omnino
635 960 740 1040 omisi,
766 961 830 1025 nisi
852 961 934 1024 idem
956 962 991 1023 in
1013 961 1113 1024 tribas
1134 960 1291 1025 codicibus
1314 983 1400 1046 repe-
1448 988 1449 1009 κ

262 1063 409 1128 riebatur.
455 1060 575 1126 Littera
604 1083 717 1146 ersus
739 1084 821 1142 sum,
850 1063 904 1125 nbi
924 1063 959 1125 in
981 1062 1138 1126 codicibus
1161 1081 1212 1142 ue,
1240 1082 1273 1145 p,
1298 1082 1332 1141 e,
1363 1083 1399 1126 oe

262 1165 344 1228 inter
370 1187 401 1228 se
430 1173 556 1227 certant.
602 1163 729 1249 Semper
759 1165 874 1248 scripsi
901 1185 959 1246 pre
987 1175 1015 1228 et
1042 1162 1215 1246 presbiter,
1244 1165 1304 1226 etsi
1335 1165 1399 1249 ple-

262 1289 389 1351 rumque
417 1274 486 1351 pet
512 1267 575 1349 pbr
603 1267 759 1350 lepuntur,
788 1289 864 1330 raro
892 1270 986 1331 etiam
1014 1287 1072 1352 pre
1101 1277 1129 1330 et
1155 1263 1329 1349 presbyter
1351 1268 1398 1331 in-

262 1370 444 1448 ueniuntur,·
478 1371 551 1433 item
581 1391 699 1453 semper
730 1368 864 1433 sinodus
894 1380 922 1432 et
951 1368 1132 1448 Dionisius,
1163 1369 1220 1432 etsi
1250 1369 1400 1432 nonnulli

265 1471 383 1534 codices
405 1470 569 1552 aliquoties
593 1467 732 1552 synodus
760 1480 788 1533 et
810 1468 975 1554 dyonisius
1003 1471 1093 1555 (sict)
1121 1469 1270 1533 eabibent.
1321 1471 1400 1536 Cum

264 1573 343 1651 ecla,
367 1571 464 1652 eccla,
489 1571 568 1656 ecla,
591 1572 691 1657 eccla,
715 1573 815 1652 neela,
839 1573 949 1637 aeccle.
968 1573 1142 1657 promiscue
1163 1573 1229 1635 sine
1250 1572 1321 1635 nlla
1347 1597 1399 1637 ra-

265 1675 347 1738 tione
370 1683 549 1753 occurrant,
577 1672 717 1738 omnibus
743 1675 792 1738 bis
814 1675 957 1760 neplectis
976 1675 1120 1760 formam
1147 1673 1324 1758 reputarem
1348 1696 1401 1739 ec-

267 1777 367 1841 elesia
393 1777 561 1861 usurpavi,
590 1799 775 1860 quamquam
804 1800 841 1840 ea
869 1778 941 1861 ipsa
968 1777 1137 1840 rarissima
1164 1786 1215 1840 est.
1261 1776 1402 1861 Neplesci

265 1900 382 1964 quoqne
399 1879 433 1941 in
451 1900 519 1942 voce
536 1877 737 1942 Brittanniae
755 1879 888 1942 alterum
906 1883 920 1942 t
937 1888 991 1940 aut
1008 1898 1029 1941 u
1046 1879 1170 1961 saepius
1186 1877 1401 1942 desideratum

266 2003 326 2045 non
347 1981 451 2043 minus
468 2003 559 2065 quam
578 1980 710 2044 alterum
731 2002 752 2062 p
774 1982 809 2044 in
827 1980 1002 2044 nominibus
1016 1980 1152 2064 Pippini
1168 1990 1196 2042 et
1209 1979 1399 2064 Philippici.

242 2089 244 2093 ’
355 2091 467 2155 Tentus
485 2092 596 2155 amissi
613 2091 728 2155 codicis
741 2090 773 2153 B
795 2114 833 2155 ero
850 2090 1080 2175 exemplaribus
1101 2091 1166 2154 eius
1180 2088 1284 2173 focile
1308 2092 1400 2154 resti·

265 2195 376 2273 tuitur,
405 2216 466 2258 non
488 2195 561 2257 item
583 2194 698 2257 codicis
722 2193 766 2274 A,
795 2216 860 2256 cum
885 2194 985 2256 codici
1007 2192 1069 2257 Al
1094 2215 1154 2255 non
1180 2213 1300 2276 semper
1313 2193 1400 2276 fides

266 2296 407 2360 labenda
426 2297 475 2374 sit,
494 2297 524 2358 A
539 2297 559 2358 2
580 2297 646 2359 iam
667 2319 696 2358 a.
712 2296 785 2361 867.
808 2295 986 2374 claudatur,
1004 2294 1068 2359 Ae
1087 2294 1274 2379 (Annalista
1292 2293 1400 2380 Sauo)

266 2398 404 2460 chronici
421 2397 513 2460 uerba
533 2397 714 2481 plerumque
732 2408 874 2480 eacerpta
896 2399 999 2482 potius
1017 2420 1112 2482 quarn
1129 2398 1285 2482 descripta
1302 2421 1400 2481 prae-

265 2498 343 2564 beat.
394 2497 457 2560 Ubi
479 2497 509 2560 A
530 2508 558 2561 et
579 2499 611 2559 B
632 2500 713 2562 inter
735 2521 766 2562 se
787 2500 975 2584 discrepant,
999 2500 1034 2562 in
1053 2501 1271 2584 prioreparte
1294 2500 1401 2584 operis

225 2604 238 2617 ⁶
267 2621 364 2663 causa
398 2600 579 2683 saepissime
614 2601 789 2663 decernitur
824 2603 1007 2665 auctoritate
1035 2602 1176 2685 fontium
1211 2602 1399 2686 Repinonis,

267 2701 381 2785 quippe
407 2723 481 2784 qnos
506 2701 561 2765 ille
583 2702 772 2765 adverbum
793 2703 961 2766 describere
984 2702 1092 2767 solitus
1113 2704 1162 2767 sit.
1213 2700 1283 2774 Qua
1306 2705 1340 2765 in
1365 2726 1399 2768 re

267 2802 454 2886 perspicitur
476 2803 608 2867 codicem
626 2804 658 2865 B
678 2802 855 2888 plerumque
876 2806 1008 2889 propius
1030 2805 1074 2867 ad
1093 2805 1259 2889 penuinum
1281 2814 1400 2868 tentum

267 2905 419 2984 accedere,
442 2905 495 2969 sed
516 2906 672 2969 interdum
695 2907 815 2970 mendis
837 2915 1015 2991 corruptum
1037 2929 1113 2987 esse,
1142 2906 1272 2969 alterius
1295 2916 1400 2971 antem

267 3007 445 3088 librarium,
467 3009 490 3073 i.
505 3030 529 3075 e.
553 3019 706 3073 auctorem
728 3009 980 3088 continuationis,
1001 3009 1126 3094 saepius
1147 3030 1162 3071 e
1183 3007 1318 3070 consulto
1337 3011 1400 3073 Re-

266 3111 391 3203 pinonis
412 3110 503 3175 verba
525 3121 658 3175 mutasse
679 3113 741 3175 siue
763 3112 942 3176 correxisse.

360 3220 453 3283 Uncis
483 3221 651 3303 quadratis
681 3231 709 3285 et
739 3222 775 3284 in
806 3221 948 3284 chronico
979 3231 1007 3284 et
1037 3222 1072 3284 in
1101 3220 1330 3284 continuatione
1361 3245 1402 3286 ea

267 3321 360 3384 uerba
388 3321 517 3401 inclusi,
545 3343 624 3406 quae
652 3323 686 3385 in
717 3323 855 3386 auctoris
884 3322 1058 3406 exemplari
1087 3323 1227 3408 marpini
1254 3322 1402 3386 videntur

268 3424 431 3508 adscripta
457 3422 576 3507 fuisse,
605 3424 759 3509 siqnidem
788 3425 823 3487 in
852 3424 1006 3489 codicibus
1033 3448 1095 3489 non
1122 3425 1225 3489 eodem
1254 3425 1320 3488 loco
1346 3448 1401 3490 eoc-

268 3526 421 3606 bibentur,
443 3536 477 3589 ut
496 3550 529 3610 p.
545 3529 601 3590 22:
624 3525 760 3590 Albinus
783 3526 952 3608 episcopus
969 3526 1151 3609 Andegavis
1173 3526 1281 3590 clarus
1298 3526 1401 3592 habe-

268 3632 322 3691 tur
350 3638 378 3691 et
407 3651 437 3692 a.
458 3629 537 3694 955:
576 3626 743 3691 Comedus
772 3627 934 3708 quondam
964 3627 1029 3691 dux
1057 3627 1103 3692 ibi
1132 3627 1300 3693 occiditur.
1347 3630 1402 3692 Ita

269 3731 363 3792 etiam
388 3753 422 3814 p.
443 3731 483 3797 31
516 3730 609 3793 verbo
640 3728 797 3792 Arnulfns
828 3729 996 3813 episeopus
1028 3734 1060 3793 et
1089 3729 1278 3793 Romariaus
1311 3729 1402 3795 abba

270 3831 350 3894 clari
371 3831 534 3896 habentur
555 3831 679 3912 inclusi,
702 3854 890 3916 quamquam
913 3831 1031 3896 codices
1052 3831 1106 3894 loo
1129 3832 1194 3894 loco
1216 3844 1401 3916 oonpruunt,

267 3944 433 4017 propterea
455 3934 536 4017 qaod
557 3957 639 3998 mors
663 3934 787 4018 Arnalfl
806 3935 903 4019 paulo
925 3944 1017 3998 antea
1040 3944 1274 3996 commemorata
1297 3945 1349 3998 est.

354 4043 496 4128 Papirios
510 4046 655 4109 editionis
669 4045 855 4110 Pertnianae
873 4045 906 4107 in
922 4044 1064 4128 marpine
1078 4043 1224 4108 interiore
1238 4044 1401 4114 adnotavi.

355 4155 481 4235 Restat,
509 4166 545 4217 ut
572 4157 617 4219 eis
638 4157 762 4240 pretias
790 4177 899 4240 apam,
928 4176 1058 4239 quorum
1080 4175 1175 4237 opera
1197 4154 1232 4216 in
1253 4154 1312 4216 bac
1334 4157 1401 4220 edi-

270 4256 351 4319 tione
373 4256 501 4318 adiutus
522 4279 605 4320 sum:
628 4260 764 4321 omnium
781 4259 888 4343 primo
916 4258 949 4324 V.
970 4259 990 4318 I
992 4257 1025 4324 ll.
1044 4256 1083 4323 Ε.
1098 4255 1272 4336 Dilmmler,
1295 4261 1402 4341 operis
