2978 4950
394 433 592 490 REGINONIS
610 433 828 491 CHRONICON.
864 434 896 490 A.
911 437 969 492 755.
1212 440 1247 494 45

115 591 150 646 ad
168 591 302 657 optimum
321 591 350 643 et
366 589 453 643 sancti
471 589 547 643 Petri
564 587 670 641 fidelem
688 588 813 642 domnum
831 588 883 657 Pip
902 590 977 643 inum
995 590 1246 645 christianissimum

115 675 208 727 regem
231 658 261 711 in
278 644 420 711 Franciaih
438 658 511 721 veni,
533 656 580 710 nbi
599 658 736 724 aegrotavi
754 673 836 726 nsque
859 607 901 710 ad)

911 660 1024 712 mortem
1047 662 1075 712 et
1092 660 1180 713 mansi
1197 660 1246 713 ali·

116 726 207 798 quoda
223 728 330 792 ternpus
352 725 423 792 apud
459 741 541 794 egum
559 723 723 778 Parisiacum
745 725 774 778 in
791 726 939 779 venerabili
957 728 1117 781 monasterio
1139 729 1246 781 sancti

115 795 244 864 martyris
261 793 404 847 Dionisiib.
440 742 497 858 duo
515 809 575 846 cum
592 793 647 845 iem
665 805 726 845 mee
744 792 841 847 medici
860 793 1039 861 desperarent,
1057 795 1097 848 fui
1115 795 1201 849 sicut
1219 796 1246 848 iu

115 863 237 918 oratione
262 862 291 915 in
316 860 427 915 ecclesie
449 861 567 915 eiusdem
589 860 665 914 beati
686 862 812 930 martyris
835 862 928 916 subtus
953 864 1115 930 campanasll
1138 866 1166 917 et
1190 863 1246 917 ridi

116 935 181 986 ente
201 931 286 984 altare
304 929 429 984 domnum
443 930 554 983 Petrum
572 931 601 982 et
617 930 777 996 magistrum
797 931 919 998 gentium
938 930 1064 985 domnum
1078 932 1201 994 Paulum,
1219 935 1248 986 et

69 1014 100 1053 rr.
116 1002 200 1054 note⁰
213 1000 302 1052 mente
315 998 377 1052 illos
390 998 531 1065 recognovi
544 996 593 1050 ‘de
611 996 718 1050 illorum
732 999 865 1061 surcariis,
884 1001 912 1052 et
925 999 982 1053 terf
998 1000 1107 1053 beatum
1122 999 1247 1054 domnum

115 1066 269 1121 Dionisium
295 1065 329 1119 ad
351 1065 486 1119 dexteram
511 1065 601 1119 domni
620 1064 697 1118 Petri
723 1065 850 1119 subtilem
872 1072 900 1120 et
922 1067 1077 1136 longiorem.
1119 1069 1196 1122 Dixit
1215 1085 1247 1121 ue

115 1136 202 1190 bonus
219 1137 311 1201 pastor
328 1133 439 1188 domnus
457 1135 566 1187 Petrus:
586 1133 650 1186 ‘Hic
667 1131 752 1186 frater
769 1136 858 1187 noster
875 1135 996 1201 postulat
1013 1136 1180 1189 sanitatem'.
1197 1085 1248 1190 th

117 1203 188 1257 dixit
205 1201 300 1256 beatus
316 1201 429 1256 Paulus:
450 1201 543 1256 ‘Modo
560 1201 720 1255 sanabitur'.
756 1202 794 1255 Et
811 1200 1026 1272 adpropinquans
1045 1203 1121 1257 misit
1138 1221 1247 1258 manum

116 1287 195 1325 suam
221 1269 256 1324 ed
281 1273 374 1338 pectus
401 1269 492 1325 domni
519 1269 634 1324 Dionisii
662 1269 843 1323 amicabiliter
869 1271 1037 1340 respexitque
1062 1271 1096 1324 ad
1121 1270 1247 1325 domnum

116 1339 243 1401 Petrum
265 1341 293 1392 et
311 1337 380 1391 dixit
398 1337 509 1392 domnus
528 1339 623 1391 Petrus
646 1336 680 1391 ad
698 1335 823 1391 domnum
841 1337 991 1392 Dionisium
1014 1339 1149 1393 hilariter:
1177 1340 1248 1392 ‘Tua

117 1407 210 1477 gratia
227 1409 269 1460 est
286 1407 388 1460 sanitas
407 1407 483 1460 eius’.
523 1406 559 1460 Et
577 1405 673 1459 statim
690 1405 785 1459 beatus
803 1405 938 1460 Dionisius
960 1407 1128 1461 turibulnms
1145 1408 1247 1460 incensi

118 1480 147 1530 et
160 1475 279 1542 palmam
293 1475 322 1527 in
335 1491 416 1528 manu
429 1477 522 1528 tenens
536 1491 595 1527 enm
607 1472 755 1540 presbitero
768 1476 795 1527 et
807 1473 924 1536 diacono,
943 1477 989 1596 qui
999 1476 1028 1528 in
1039 1478 1116 1543 parte
1128 1475 1247 1538 stabant,

117 1543 194 1597 venit
216 1542 250 1596 ad
271 1558 314 1596 me
339 1545 367 1596 et
388 1542 457 1597 dixit
479 1542 578 1596 mihih:
604 1540 671 1595 ‘Pax
688 1546 785 1604 tecum,
803 1541 895 1605 frater,
918 1544 973 1597 noi
991 1544 1098 1598 timere:
1123 1560 1176 1597 non
1193 1560 1247 1597 mo-

117 1610 222 1675 rierisl,
244 1609 327 1665 donec
349 1610 383 1664 ad
405 1610 495 1664 sedem
516 1613 592 1664 tuam
632 1625 737 1677 rospere
761 1610 910 1664 revertaris.
951 1611 1035 1679 Surge
1053 1628 1132 1665 sanus
1154 1615 1182 1665 et
1199 1612 1248 1665 hoc

119 1680 208 1734 altare
230 1679 258 1733 in
279 1679 378 1734 honore
399 1679 451 1733 Dei
473 1681 501 1732 et
523 1626 702 1745 apostoforum
725 1678 801 1731 eiusk
823 1678 898 1732 Petri
921 1683 948 1733 et
970 1678 1056 1743 Pauli,
1080 1697 1144 1749 quos
1166 1679 1247 1743 vides,

118 1746 221 1810 dedica,
240 1749 335 1800 missas
354 1748 503 1815 gratiarum
522 1745 624 1814 agens'.
660 1745 772 1816 Moxque
790 1763 869 1800 sanus
886 1747 973 1801 factus
991 1765 1058 1801 sum
1076 1751 1108 1802 et
1125 1748 1247 1802 volebam

118 1815 335 1938 ltttltaltd
354 1815 686 1950 tillrttttttttlli
700 1814 1177 1952 t*,thrittitrlllttttlt
1195 1816 1248 1938 ll

120 1968 189 2022 quae
207 1950 326 2005 videram
344 1955 373 2006 et
391 1950 519 2020 quomodo
536 1951 659 2004 sanatus¹
677 1949 783 2014 fuerim,
801 1954 829 2005 et
846 1952 965 2018 implevi,
984 1963 1074 2022 quaem
1096 1953 1168 2006 iussa
1185 1925 1249 2005 sunt

119 2020 197 2081 mihi,
215 2020 324 2073 omnia'.
361 2019 445 2073 Gesta
462 2021 525 2073 sunt
543 2020 632 2072 autem
650 2018 715 2072 haec
734 2035 802 2073 anno
819 2020 853 2073 ab
868 2020 968 2073 incarn.
983 2021 1091 2074 Domini
1105 2019 1248 2075 DCCLIII.

119 2089 152 2142 V.
172 2087 234 2141 Kal.
255 2086 338 2156 Aug„
363 2100 435 2156 quo11
457 2085 559 2141 Christi
580 2087 719 2141 roboratus
743 2088 843 2141 virtute
867 2088 939 2141 inter
960 2089 1167 2143 celebrationem
1189 2105 1248 2142 con·

121 2156 277 2210 secretionis
302 2155 402 2236 prefati
417 2156 520 2237 ‚altaris
543 2158 571 2209 et
592 2153 901 2234 oblationemsacrificii
923 2158 1000 2210 unxit
1021 2157 1049 2209 in
1071 2173 1147 2224 reges
1166 2157 1248 2210 Fran·

118 2240 218 2346 suu
232 2222 1249 2371 rurestribustltlltttttttdthtttriturat

119 2360 237 2427 Spiritus
256 2361 344 2414 sancti
362 2358 524 2427 septiformis
543 2361 712 2424 consrgnevrt
729 2375 758 2411 ru
775 2359 826 2412 Der
844 2375 962 2421 nomme;
988 2362 1068 2429 atque
1087 2361 1248 2413 Francorum

120 2438 260 2495 proceresn
285 2429 432 2495 apostohca
453 2426 639 2481 benedictione
664 2426 833 2481 sanctificans
856 2428 1017 2481 auctoritate
1042 2428 1149 2481 sancti
1172 2428 1249 2480 Petri

119 2496 173 2550 sibi
192 2513 208 2550 a
225 2494 332 2550 Christo
349 2495 451 2550 tradita
468 2495 602 2562 obligarit
620 2498 648 2548 et
665 2495 815 2549 obtestatus
834 2498 887 2558 est,
909 2497 941 2549 ut
958 2511 1094 2564 nunquam
1112 2495 1144 2549 de
1163 2496 1250 2550 altera

120 2565 205 2631 stirpe
229 2580 277 2631 per
301 2563 499 2618 succedentium
521 2567 671 2630 temporum
694 2563 825 2617 curricula
846 2564 898 2630 ipsi
920 2564 963 2618 vel
985 2566 1083 2633 quique
1106 2580 1137 2618 ex
1159 2580 1249 2618 eorum

120 2633 247 2700 progenie
266 2634 319 2686 orti
337 2648 428 2700 regem
447 2647 570 2698 superse
587 2634 743 2698 presumant
761 2632 798 2685 ali
817 2649 851 2685 no
869 2632 946 2686 modo
960 2633 1128 2695 constituere,
1146 2632 1198 2685 nisi
1217 2632 1249 2686 de

121 2716 211 2754 eorum
224 2701 360 2768 progenie,
378 2717 442 2770 quos
456 2704 485 2754 et
498 2699 589 2753 divina
602 2699 770 2766 providentia
783 2649 818 2753 ad
832 2699 921 2754 sedem
934 2702 1108 2768 apostolicam
1122 2699 1250 2754 tuendam

121 2768 222 2836 eligere
245 2771 273 2822 et
293 2785 341 2836 per
363 2785 436 2831 euru,
460 2767 587 2821 videlicet
609 2768 696 2821 sancti
713 2768 789 2822 Petri
807 2769 948 2832 vicariurn,
971 2770 1053 2824 immo
1071 2769 1172 2823 domini
1190 2769 1251 2823 Iesu

120 2834 230 2958 ghristi,
253 2838 282 2891 in
303 2839 466 2904 potestatem
488 2837 593 2904 regiam
610 2835 725 2902 dignata
747 2838 788 2890 est
805 2836 949 2891 sublimare
972 2840 1000 2891 et
1016 2838 1141 2892 unctione
1164 2854 1250 2891 sacra·

134 2921 228 2959 resima
245 2921 403 2959 consecrare.

207 2988 286 3052 Hisq
299 2987 497 3069 interpositis
516 2985 559 3050 ad
577 2986 761 3051 chronicam
779 2987 959 3053 redeamus.
996 2987 1077 3052 Cum
1094 2989 1251 3070 Pippinus

121 3095 188 3151 rex,
215 3081 253 3136 ut
280 3093 378 3154 supra
401 3093 586 3154 expressum
609 3077 666 3149 est,
693 3070 822 3135 Italiam
845 3073 1008 3153 ingressus
1032 3079 1131 3152 esset,
1159 3081 1249 3137 Carlo-
1263 3099 1321 3138 nnn.
1335 3098 1406 3138 naor.

121 3176 234 3218 mannus
260 3158 403 3213 monachus
421 3159 525 3213 Vienna
550 3159 660 3212 civitate
684 3158 814 3211 remansit
838 3174 891 3210 una
913 3173 972 3210 eum
994 3156 1126 3211 Bertrada
1148 3159 1250 3226 regina,

121 3228 196 3282 ubir
218 3228 376 3296 languore
399 3230 569 3294 correptus
592 3225 676 3279 diem
699 3225 823 3279 clausit
846 3228 1032 3279 extremum.

208 3311 299 3365 Anno
318 3310 501 3365 dominicae
519 3310 764 3365 incarnationis
782 3308 904 3364 DCCLV.
916 3307 935 3373 ¹,
963 3326 1022 3363 curn
1041 3309 1170 3364 audisset
1188 3310 1251 3376 Pip-

121 3380 200 3447 pinus
219 3396 271 3443 rex‚
295 3396 327 3433 ee
344 3396 396 3432 non
415 3395 471 3432 esse
488 3395 559 3442 vera,
583 3395 663 3448 qnae
682 3377 891 3432 Haistulius⁸
908 3379 1068 3445 promiserat
1086 3378 1118 3433 de
1137 3379 1251 3432 iustitiis

121 3448 209 3501 sancti
227 3448 311 3510 Petri,
334 3447 434 3501 iterum
452 3446 590 3501 Italiam
612 3447 645 3500 in
674 3463 781 3500 reeens
799 3447 914 3513 Papiam
932 3447 1045 3508 obsedit,
1068 3446 1253 3500 Haistulfumt

122 3515 293 3570 obsidione
310 3516 415 3569 cinxit
433 3518 485 3568 etu
505 3532 632 3569 rursum
650 3463 682 3568 de
699 3515 813 3569 iusticiis
831 3516 918 3569 sancti
936 3515 1011 3569 Petri
1034 3513 1252 3570 firmitatem.v

123 3582 228 3647 dedit,
251 3587 282 3637 ut
303 3584 416 3637 stabiles
434 3586 636 3650 permanerent;
659 3586 687 3637 et
704 3584 813 3650 insuper
829 3583 985 3638 Ravennam
1008 3599 1067 3636 cum
1086 3582 1252 3650 Pentapouv

123 3655 151 3705 et
175 3653 247 3706 omni
272 3652 401 3705 Exarcato
425 3652 586 3720 conquisivit
610 3654 639 3705 et
661 3654 754 3705 sancto
776 3651 858 3705 Petro
880 3651 1002 3706 tradidit.
1045 3650 1120 3705 Cum
1145 3653 1252 3704 autem

122 3743 241 3781 reversus
260 3731 347 3781 esset
359 3728 490 3794 Pippinus
508 3745 552 3781 rex
572 3721 604 3781 in
623 3718 648 3780 F
648 3719 820 3794 ranciam⁸,
839 3727 1067 3782 meditabatur
1084 3725 1252 3795 supradictus

122 3803 295 3857 Haistuliust
318 3820 354 3858 ea
371 3803 515 3867 falleret
540 3820 607 3872 quae
631 3805 836 3870 promiserat.
876 3802 998 3867 Quadam
1016 3820 1090 3857 vero
1108 3802 1160 3865 die,
1183 3817 1252 3854 cum

122 3872 358 3926 venationibus
381 3873 574 3936 inserviret,
596 3887 736 3939 percussus
758 3875 800 3927 est
818 3873 868 3926 Dei
891 3870 990 3925 iudicio
1012 3872 1161 3939 vitamque
1185 3885 1252 3922 cum

123 4021 570 4072 a)a11quotA2.Br.2;pereum.
611 4023 634 4075 b)
647 4022 866 4071 dyontsuama.
907 4027 928 4067 c>
941 4021 1119 4062 astraea.
1161 4018 1254 4070 d)cem·

123 4075 253 4123 panesBl.
306 4074 446 4127 prorue
499 4073 682 4124 ilbertlntt.
734 4074 1027 4125 manimundulus.
1079 4070 1253 4122 b)admeB2.

123 4127 140 4174 t)
158 4125 253 4164 morlens
268 4126 318 4165 Ba.
370 4123 395 4173 k)
412 4125 531 4166 deerrare.
583 4126 601 4177 l)
620 4126 748 4167 senardi.
763 4127 813 4165 Bl.
864 4125 895 4173 m)
912 4124 1087 4172 omniaqueel.
1103 4132 1120 4163 s,
1136 4123 1190 4160 mihi
1205 4121 1252 4159 Ab.

124 4177 147 4226 n)
160 4187 203 4225 quo
217 4177 252 4216 die
266 4177 314 4217 Aa
349 4175 481 4227 o)Kerlom.
495 4177 544 4217 Aa.
558 4179 578 4217 ³.
616 4178 639 4227 p)
652 4178 762 4227 prlnclpes
775 4177 823 4216 At.
860 4175 883 4225 q)
896 4176 1102 4215 His-extremum
1116 4174 1192 4213 aanor
1204 4172 1251 4211 At.

123 4227 144 4277 r)
161 4228 277 4266 deeettdi.
339 4226 359 4278 a)
376 4227 487 4275 letulphus
500 4229 548 4268 Ba.
602 4228 620 4278 t)
637 4227 751 4268 aistulfum
766 4229 813 4267 Bl.
828 4228 848 4266 2.
908 4227 931 4277 u)
947 4225 1191 4265 et-trediditdeeaat
1204 4223 1254 4262 Aa.

124 4279 148 4329 v)
161 4278 221 4318 dedit
234 4278 292 4318 firm.
307 4278 356 4319 Aa
389 4277 419 4328 vr)
432 4279 517 4328 neapoli
530 4280 582 4329 1123
601 4291 648 4320 rev.
662 4279 796 4329 pentapolim
810 4277 894 4318 etB3.
928 4278 953 4328 x)
965 4277 1067 4316 frantiam
1080 4277 1107 4316 B.
1143 4273 1167 4326 y)
1180 4274 1255 4314 aistul-

124 4329 160 4369 lns
175 4331 223 4370 Ba.
277 4329 300 4380 a)
312 4329 413 4370 fefellere
428 4329 475 4369 Aa.

126 4432 151 4497 1)
170 4433 246 4486 Aac.
264 4435 352 4486 Lear.
369 4449 396 4486 a.
409 4431 468 4486 756.
