2978 4950
464 426 662 481 REGINONIS
679 426 895 483 CHRONIOON.
1168 431 1246 485 XVII

114 584 262 661 universi,
285 581 373 645 cuius
397 583 471 644 haec
492 581 653 664 particula
675 580 815 664 quamuis
834 603 939 665 parua
959 593 1013 661 est,
1039 584 1152 646 rectori
1171 605 1246 666 pru-

115 683 312 762 dentissimo,
341 683 395 767 qui
421 706 489 746 cum
517 705 635 766 semper
660 683 696 746 in
721 682 810 746 rebus
835 685 972 747 manime
994 684 1095 747 variis
1117 685 1247 748 consilio

115 809 170 849 suo
196 786 274 848 mibi
299 784 434 848 subvenit
460 795 523 847 tum
545 785 728 848 auctoritate
755 808 812 848 sua
839 784 954 870 effecit,
979 796 1014 848 ut
1042 796 1103 849 tres
1130 786 1247 849 codices

117 887 263 950 Parisini
290 884 428 970 (primus
454 878 568 966 Bra,
595 887 787 969 postmodum
815 886 880 950 An
906 897 934 951 et
956 887 1036 967 33)
1064 887 1248 972 conferendi

116 991 150 1051 in
179 989 301 1073 lonaius
332 999 450 1072 tempus
475 989 554 1051 mihi
580 989 792 1068 traderentur,
820 988 883 1052 alii
905 987 1071 1069 Londinii,
1098 989 1247 1069 Parisiis,

124 1090 321 1154 Vindobonae
350 1090 523 1174 sumptibus
553 1091 817 1154 Monumentorum
851 1089 1041 1154 Germaniae
1071 1092 1150 1154 mihi
1179 1114 1247 1155 con·

108 1193 290 1277 sorrentum
317 1216 369 1257 nec
391 1195 495 1257 minus
522 1192 557 1260 V.
578 1193 624 1257 Cl.
652 1193 687 1260 Ο.
709 1193 856 1278 Ηανίωὶ9
879 1193 1075 1257 bibliothecae
1097 1194 1247 1257 universi-

114 1297 190 1357 tatis
227 1293 377 1358 Haleusis
409 1293 582 1378 praefecto,
623 1294 710 1358 cuius
740 1293 864 1358 aurilio
900 1293 1073 1357 liberaliter
1106 1294 1247 1378 praebito

107 1396 233 1480 factum
263 1406 321 1474 est,
352 1405 385 1458 ut
414 1396 533 1459 coelicos
560 1395 811 1462 bibliothecarum
838 1396 1051 1474 Monacensis,
1080 1395 1246 1481 Schaffhu-

114 1520 226 1576 sanae,
266 1497 475 1577 Treuerensis,
513 1496 763 1577 Carlsruhanae,
802 1497 1031 1577 Einsidlensis,
1067 1499 1246 1578 Parisinus,

118 1599 320 1679 Coloniensis‚
353 1597 527 1682 Lipsiensis
558 1599 663 1663 Halas
693 1600 772 1663 mihi
802 1601 911 1664 missos
942 1609 970 1664 et
989 1601 1035 1663 'in
1066 1600 1247 1664 bibliotheca

113 1701 327 1764 universitatis
348 1709 483 1764 servatos
505 1701 646 1786 conferre
667 1725 803 1787 possem;
830 1704 902 1767 item
923 1703 1055 1767 illarum
1077 1713 1120 1767 tot
1140 1704 1247 1767 biblio-

114 1803 270 1865 theoarum
290 1801 475 1886 praefectis,
501 1803 555 1887 qui
576 1813 640 1867 tam
663 1804 835 1868 liberaliter
857 1805 975 1870 codices
996 1827 1065 1869 suos
1091 1806 1170 1868 mihi
1190 1805 1247 1867 mi-

114 1914 236 1984 serunt·
264 1904 309 1968 eis
337 1925 465 1987 quoque,
496 1905 550 1987 qui
577 1927 636 1988 pro
664 1929 712 1969 me
739 1906 822 1969 alibi
850 1906 968 1970 codices
995 1907 1050 1970 bos
1078 1906 1151 1970 illos
1179 1928 1247 1970 con-

115 2004 250 2068 tulerunt
284 2014 338 2067 aut
373 2005 588 2089 insperserunt,
622 2007 702 2070 uiris
736 2007 972 2071 humanissimis
997 2007 1033 2073 J.
1063 2008 1104 2074 H.
1134 2007 1247 2093 Jeayes

115 2106 330 2186 Londiniensi,
353 2107 393 2173 A.
407 2109 530 2192 Roaers
551 2107 813 2192 Cantabriqiensi
835 2108 874 2174 A.
888 2109 1040 2172 Molinier
1059 2111 1245 2192 Parisiensi,

114 2207 147 2276 S.
182 2209 512 2294 Herebum-Frangat
549 2210 782 2290 Vindobonsnsi,
817 2210 863 2276 M.
894 2209 1019 2296 Keuffer
1057 2212 1087 2275 Τ
1083 2213 1244 2276 reomensi.

114 2311 278 2373 Manimas
306 2310 435 2394 clerique
456 2312 580 2395 oratius
603 2333 648 2375 me
670 2311 776 2375 debere
807 2311 934 2375 libenter
958 2311 1107 2396 profitmr
1137 2314 1169 2376 V.
1195 2313 1245 2380 Cl.

116 2411 157 2475 H.
178 2410 323 2474 Ermisch
352 2412 532 2476 archioario
553 2413 740 2493 Dresdensi,
770 2415 826 2497 qui
853 2413 980 2477 schedas
1006 2415 1084 2478 satis
1106 2415 1247 2498 copiosas

114 2537 152 2576 eu
173 2513 390 2578 dissertatione
411 2537 468 2578 sua
496 2516 533 2580 de
555 2514 729 2602 quinonis
751 2514 894 2578 chronico
916 2536 946 2580 a.
969 2515 1063 2580 1872.
1085 2515 1246 2598 publicata

117 2614 242 2678 relictas
263 2615 391 2702 benique
413 2619 492 2682 mihi
512 2618 643 2683 dedidit.

206 2749 384 2815 Scribebam
406 2751 547 2818 ›Sandiae
568 2776 668 2818 mense
690 2752 865 2818 Februario
888 2754 982 2819 1890.

911 2941 949 3006 F.
972 2938 1159 3008 KURZE.
