2978 4950
237 370 287 423 XX
584 368 782 424 REGINONIS
799 368 1017 424 canonicos.

238 527 296 586 aut
324 523 466 586 omnium
494 520 650 586 librorum
683 520 808 605 copiam
838 522 952 586 vestris
983 523 1134 587 armariis
1164 522 1278 588 deesse
1312 531 1376 590 aut

237 608 336 673 vestri
363 607 548 672 excellentis
577 607 696 689 ingenii
722 607 925 689 prudentiam
955 609 1127 690 quicquam
1155 609 1273 690 latere,
1312 613 1375 694 qui

237 693 341 757 lecum
366 700 491 757 vestrae
513 692 697 757 eelsitudini
716 693 852 758 caelitus
870 693 1077 758 commissum
1097 694 1254 776 dignitate
1275 696 1374 760 nebi-

239 777 343 842 litatis
360 778 492 842 famesis
513 779 672 862 preconiis
695 778 860 856 extollitis,
883 779 940 861 qui
958 784 1069 843 tantus
1087 781 1120 843 in
1140 782 1228 844 omni
1247 802 1373 863 genere

236 862 461 947 philosophiae
484 865 572 939 estis,
594 868 631 927 ut
652 863 739 928 selus
761 863 854 928 nobis
872 865 1101 946 representatis
1117 864 1179 929 hac
1197 865 1374 950 decrepita

239 954 347 1013 aetate
369 950 498 1032 ingenia
519 949 791 1032 philosopherum,
814 949 854 1014 de
877 948 992 1033 quibus
1014 950 1072 1015 illa
1095 950 1208 1015 sollers
1226 951 1373 1016 Latialis

238 1034 419 1115 antiquitas
448 1035 586 1117 gloriata
615 1039 674 1100 est.
730 1034 793 1099 Sed
822 1035 899 1117 quia
921 1040 1028 1099 vestra
1051 1036 1230 1118 sapientiae
1253 1058 1373 1121 super-

238 1120 383 1185 eminens
405 1119 563 1185 celsitudo
586 1119 620 1183 in
642 1119 850 1202 disponendis
872 1119 968 1185 rebus
984 1119 1123 1204 publicis
1142 1121 1275 1186 assidue
1298 1145 1372 1188 ver-

238 1210 338 1285 satur,
367 1205 506 1271 fortasse
533 1217 722 1270 onerosum⁸
750 1205 891 1284 videtur,
921 1211 957 1270 ut
984 1207 1124 1289 plurima
1152 1207 1372 1273 conciliorum

236 1291 399 1356 volumina
421 1311 546 1374 semper
568 1289 732 1355 vobiscum
755 1291 850 1374 longe
872 1291 1000 1374 lateque
1022 1290 1219 1371 deferantur,
1242 1292 1372 1359 ideirco

237 1376 323 1441 hune
353 1376 538 1441 manualem
568 1376 751 1440 codicillum
781 1381 907 1441 vestrae
937 1377 1149 1442 dominationi
1177 1377 1301 1460 direxi,
1332 1386 1372 1445 ut

239 1461 330 1526 illum
348 1482 407 1544 pre
427 1460 638 1546 enkyridionl
655 1460 812 1541 habeatis,
836 1463 864 1526 si
881 1463 1011 1545 quando
1024 1462 1191 1545 plenitudo
1204 1463 1372 1530 librorum

238 1552 420 1611 vestrorum
450 1547 484 1610 in
514 1547 697 1629 presentiab
724 1568 787 1612 nen
814 1552 871 1612 est.
917 1548 952 1613 si
983 1569 1077 1631 quem
1108 1554 1217 1614 autem
1248 1557 1371 1633 movet,

238 1654 296 1697 cur
310 1630 583 1715 frequentioribus
596 1638 787 1711 nostrerum,
804 1632 837 1696 id
852 1638 902 1698 est
915 1634 1095 1699 Galliarum
1109 1656 1147 1700 ac
1160 1635 1371 1717 Germaniae,

135 1731 137 1736 ’
240 1717 451 1781 conciliorum
472 1738 551 1782 usus
573 1717 633 1782 sim
656 1718 818 1802 exemplis,
842 1719 982 1800 accipiat
1003 1741 1192 1804 responsum
1215 1725 1249 1785 et
1272 1723 1371 1803 sciat,

238 1803 316 1887 quia
343 1823 381 1867 ea
408 1803 547 1868 maxime
573 1803 716 1868 inserere
743 1803 865 1882 curavi,
893 1826 975 1887 quae
997 1805 1048 1870 his
1070 1805 1262 1888 periculosis
1285 1813 1371 1872 tem·

237 1887 370 1970 poribus
383 1889 503 1954 nostris
516 1889 735 1954 necessariora
749 1910 819 1954 esse
833 1892 967 1972 cognovi
981 1897 1013 1956 et
1027 1911 1109 1974 quac
1122 1890 1164 1956 ad
1176 1897 1371 1974 susceptum

236 1975 421 2057 propositae
435 1995 553 2039 causae
571 1975 734 2058 negotium
748 1975 909 2058 pertinere
922 1975 1121 2044 videbantur.
1158 1975 1246 2040 Illud
1264 1978 1371 2043 etiam

238 2058 467 2139 adiiciendum,
505 2059 592 2143 qued
622 2060 724 2125 multa
754 2059 952 2142 flagitiorum
983 2082 1100 2143 genera
1129 2060 1190 2126 hoc
1219 2063 1370 2144 pessime

236 2149 380 2226 tempere
402 2145 436 2208 in
458 2146 595 2210 aeclesia
616 2151 649 2211 et
669 2150 856 2230 perpetrata
878 2151 954 2210 sunt
971 2152 1004 2211 et
1018 2151 1256 2228 perpetrantur,
1281 2170 1371 2231 quae

235 2231 351 2315 priscis
381 2230 579 2314 temporibus
609 2231 769 2310 inaudita,
799 2231 876 2314 quia
907 2253 970 2296 non
999 2231 1100 2311 facta,
1132 2237 1165 2296 et
1194 2230 1270 2297 ideo
1302 2255 1372 2299 nen

235 2317 357 2399 scripta
383 2322 415 2381 et
441 2315 514 2381 fixis
542 2317 709 2382 sententiis
736 2317 902 2395 damnata,
939 2338 1022 2399 quae
1047 2317 1209 2382 modernis
1231 2323 1372 2399 patrum

235 2401 355 2484 regulis
378 2405 410 2464 et
431 2401 607 2484 dampnata
629 2406 703 2466 sunt
725 2407 758 2466 et
779 2401 924 2485 quotidie
942 2401 1166 2485 dampnantur.
1210 2401 1371 2470 Necnon

236 2493 268 2551 et
290 2485 371 2549 illud
398 2486 574 2565 sciendum,
603 2486 699 2569 qued,
730 2488 814 2551 sicut
835 2487 979 2552 diversae
1000 2489 1148 2552 nationes
1170 2489 1372 2571 populorum

235 2571 320 2634 inter
343 2590 377 2633 se
399 2569 585 2653 discrepant
605 2591 721 2654 genere
740 2571 882 2637 moribus
902 2572 1011 2656 lingua
1028 2571 1161 2655 legibus,
1183 2574 1231 2637 ita
1249 2582 1372 2641 saneta

236 2654 426 2720 universalis
449 2656 605 2720 aecclesia
630 2662 698 2721 tete
721 2656 797 2722 orbe
818 2663 978 2722 terrarum
1001 2657 1132 2738 diffusa,
1160 2661 1311 2740 quamvis
1334 2662 1372 2726 in

236 2740 361 2804 unitate
374 2739 450 2806 fidei
463 2742 685 2825 coniungatur,
697 2748 806 2807 tamen
817 2743 1100 2808 consuetudinibus
1112 2743 1373 2813 aecclesiasticis

236 2824 277 2889 ab
292 2825 427 2890 invicem
442 2825 558 2894 differt.
596 2827 687 2893 Aliae
701 2828 858 2912 siquidem
873 2829 1120 2894 eonsuetudines
1133 2830 1167 2892 in
1181 2828 1373 2897 Galliarum

237 2910 493 2995 Germaniaeque
520 2913 628 2996 regnis
658 2915 691 2977 in
719 2914 969 2979 aecclesiasticis
1003 2913 1119 2979 officiis
1146 2915 1375 2999 reperiuntur,

235 2995 318 3060 aliae
341 2996 374 3059 in
397 2998 601 3063 orientalium
623 2999 739 3082 regnis,
762 3000 989 3064 transmarinis
1012 2999 1207 3082 regionibus.
1255 3001 1378 3070 Monet

234 3088 380 3166 preterea
406 3085 566 3168 scriptura
592 3087 758 3165 terminos,
785 3085 820 3149 id
848 3090 915 3149 est⁰
938 3085 1023 3167 leges
1049 3091 1083 3151 et
1109 3084 1249 3165 decreta,
1284 3110 1377 3172 quae

234 3174 343 3251 patres
371 3172 477 3234 nostri
505 3176 695 3253 posuerunt,
726 3169 917 3237 omnimodis
944 3170 1163 3236 observandos
1192 3192 1253 3236 nec
1285 3175 1376 3242 ulla-

235 3260 329 3317 tenus
363 3257 534 3319 temeraria
568 3256 787 3337 presumtiene
822 3256 1120 3337 transgrediendos:
1164 3267 1378 3343 quapropter

234 3344 474 3403 antecessorum
497 3347 678 3402 nestrorum
698 3339 832 3421 vestigia
855 3360 990 3422 sequens
1013 3341 1211 3407 diversorum
1233 3351 1379 3425 patrum

237 3423 365 3487 diversa
379 3429 503 3488 statuta
517 3424 549 3486 in
565 3424 678 3488 ordine
693 3423 822 3506 digessi,
840 3424 970 3490 lectoris
988 3427 1107 3493 iudicio
1126 3427 1379 3515 derelinquens,

236 3508 314 3591 quid
334 3509 538 3590 potissimum
561 3509 677 3591 eligere
699 3530 738 3574 ae
760 3509 939 3594 approbare
962 3513 1061 3577 malit.
1107 3513 1274 3594 Suscipiat
1294 3538 1380 3604 erge

235 3593 294 3658 hec
317 3614 450 3676 parvum
473 3595 699 3658 munusculum
722 3602 828 3661 vestra
850 3596 995 3679 dignatio
1015 3619 1054 3662 ea
1070 3597 1282 3681 benignitate,
1309 3624 1382 3686 qua

236 3678 405 3743 devotione
427 3679 560 3743 missum
583 3685 631 3744 est
652 3701 672 3745 a
695 3702 767 3745 mea
786 3681 971 3765 exiguitate.
1009 3683 1125 3748 Valeat
1143 3683 1250 3766 gloria
1265 3686 1381 3757 beati·

239 3763 361 3828 tudinis
383 3768 507 3829 vestrae
529 3763 583 3829 hic
605 3766 692 3830 etin
715 3766 835 3832 future.
879 3769 990 3833 Amen.

390 3883 558 3938 EXPLICIT
581 3885 761 3941 Paassrlo
784 3885 912 3941 erasis
935 3886 1208 3952 SUBSEQUENTIS.
1264 3878 1267 3884 ¹

241 4027 262 4077 a)
275 4026 407 4067 honerosum
421 4029 466 4069 ced.
518 3998 542 4080 b)
556 4032 716 4078 presentiarum
729 4031 774 4072 cod.
827 4031 922 4083 ebidem
935 4033 979 4071 ced.

236 4155 263 4221 1)
282 4157 307 4210 1.
321 4173 342 4209 e.
363 4156 517 4229 ἐγχειρίδιον,
536 4159 723 4214 enchiridium.

646 4329 951 4358 ——Ost-m-w
