2978 4950
378 978 651 1074 auciacum
683 980 985 1081 canonicos.

178 1318 374 1384 *1N01P1T2
404 1318 614 1384 PREFATIO
646 1318 797 1384 OPERIS
829 1318 1182 1399 SUBSEQUENTIS*.

202 1455 473 1520 Excellentissimi
507 1455 628 1537 ingenii
662 1460 695 1519 et
729 1455 829 1521 totius
864 1454 1090 1538 philosophiae
1125 1456 1244 1522 studiis

116 1539 339 1622 multipliciter
360 1539 513 1624 insignito
536 1539 653 1604 domno
675 1538 891 1604 Adalberonib
913 1541 1089 1624 episcopol
1111 1542 1243 1625 Regino,

116 1625 260 1708 quamvis
291 1626 433 1689 omnium
470 1624 728 1690 christicolarum
762 1630 943 1704 extremus,
978 1632 1104 1691 vestrae
1134 1633 1244 1692 tamen

116 1708 312 1776 sublimitati
325 1711 358 1774 in
373 1711 523 1776 omnibus
537 1710 772 1790 devotissimus,
790 1708 901 1775 fidelia
913 1711 1047 1776 mandat
1060 1712 1244 1777 orationum

116 1795 280 1878 obsequia.
335 1795 544 1872 Chronioam,
580 1816 676 1878 quam
711 1795 751 1860 de
782 1796 901 1860 nostris
938 1801 971 1861 et
1001 1802 1243 1862 antecessorum

115 1885 294 1944 nostrorum
313 1881 511 1964 temporibus
531 1881 667 1945 litteris⁰
685 1880 922 1963 comprehendi,
940 1887 1067 1947 vestrae
1085 1882 1244 1966 singulari

114 1965 304 2047 prudentiae
340 1965 587 2030 examinandam
625 1967 807 2045 transmisi,
849 1971 886 2030 ut
919 1971 1026 2031 vestro
1061 1967 1241 2051 perspicaci

115 2051 236 2114 iudicio
255 2057 312 2114 aut
331 2050 548 2134 approbetur<1
566 2055 623 2114 aut
640 2050 892 2132 condempnetur
899 2062 921 2114 ⁰.
950 2051 1053 2129 Quam
1068 2054 1102 2116 in
1115 2051 1242 2116 duobus

115 2135 233 2200 libellis
269 2134 411 2214 distinxi,
448 2133 615 2200 exordium
650 2134 781 2216 capiens
817 2155 838 2199 a
871 2135 975 2218 primo
1011 2137 1242 2203 incarnationis

117 2220 296 2284 dominicae
325 2241 409 2284 anno
437 2227 471 2282 et
500 2221 743 2284 consummansf
770 2223 939 2302 coeptumg
968 2241 1048 2303 opus
1075 2242 1179 2302 usque
1207 2222 1243 2284 in

116 2309 297 2388 presentem
326 2325 459 2382 annum,
497 2304 552 2386 qui
580 2308 785 2387 computatur
813 2325 834 2367 a
861 2304 991 2387 prefata
1019 2304 1242 2369 incarnatione

117 2390 248 2453 Domini
268 2390 528 2471 nongentesimus
549 2394 690 2454 octavus.
719 2388 890 2471 Indignum
907 2389 1026 2454 etenim
1043 2389 1122 2454 mihi
1138 2390 1243 2454 visum

117 2480 175 2552 est,
198 2478 243 2553 ut,
267 2495 338 2538 cum
360 2474 569 2552 Hebreorum,
598 2473 773 2538 Grecorum
796 2479 828 2536 et
849 2473 1067 2539 Romanorum
1089 2474 1242 2539 aliarum-

118 2581 179 2643 que
197 2561 339 2642 gentium
357 2557 631 2642 historiographih
649 2579 700 2623 res
718 2559 752 2622 in
770 2557 884 2623 diebus
901 2560 968 2624 suis
987 2564 1095 2642 gestas
1112 2560 1242 2644 scriptis

117 2665 219 2727 usque
241 2645 296 2708 ad¹
318 2650 462 2710 nostram
483 2644 633 2708 notitiam
655 2643 903 2723 transmiserint,
926 2643 966 2708 de
987 2645 1107 2709 nostris
1130 2664 1243 2727 qnam-

116 2751 213 2812 quam
234 2730 329 2813 longe
350 2728 557 2795 inferioribus
577 2728 776 2812 temporibus
798 2730 845 2794 ita
865 2734 1056 2813 perpetuum
1079 2729 1242 2794 silentium

117 2817 168 2892 sit,
191 2820 229 2879 ut
250 2815 343 2898 quasi
364 2816 399 2879 in
420 2815 534 2880 diebus
554 2818 673 2879 nostris
695 2821 753 2878 aut
774 2813 940 2879 homiuum
962 2815 1048 2879 actio
1070 2815 1244 2880 cessaverit

117 2907 174 2964 aut
202 2899 348 2966 fortassis
376 2901 445 2965 nil¹¹
474 2900 615 2982 dignum,
645 2899 731 2982 quod
756 2900 930 2965 memoriae
957 2898 1056 2964 fuerit
1082 2919 1243 2964 commen-

117 2984 273 3068 dandum,
303 2986 426 3067 egerint
452 2991 519 3064 aut,
547 2986 576 3050 si
601 3004 654 3049 res
676 2983 792 3066 dignae
818 2989 999 3049 memoratu
1025 2992 1135 3066 gestae
1157 2990 1242 3060 sunt,
1337 2988 1341 2994 ’

117 3067 223 3133 nullus
252 3069 295 3133 ad
323 3070 403 3135 haec
430 3070 564 3134 litteris¹
590 3068 773 3134 mandanda
798 3068 933 3134 idoneus
958 3069 1107 3134 inventus
1133 3069 1242 3148 fuerit,

117 3155 253 3218 notariis
272 3175 330 3237 per
349 3155 508 3219 incuriam
527 3155 592 3219 otio
611 3153 823 3238 torpentibus.
865 3154 935 3218 Hac
953 3154 1063 3235 itaque
1084 3152 1123 3218 de
1142 3174 1242 3218 causa

116 3259 182 3302 non
203 3259 319 3320 passus
342 3261 413 3305 sum
439 3245 586 3322 tempora
608 3244 737 3321 patrum
759 3244 945 3304 nostrorum
971 3244 1004 3304 et
1025 3244 1137 3303 nostra
1158 3248 1243 3323 perm

117 3324 226 3388 omnia
247 3325 369 3390 intacta
390 3325 562 3407 preterire,
591 3322 649 3388 sed
671 3344 710 3388 ex
732 3325 843 3388 multis
869 3344 974 3405 pauca
996 3328 1110 3389 notare
1132 3323 1242 3387 curavi

117 3416 158 3489 et,
181 3409 260 3474 ubin
285 3409 329 3474 ad
349 3411 514 3494 presentia
539 3415 685 3492 tempora
709 3415 838 3474 ventum
860 3415 922 3488 est,
952 3409 1044 3474 stilo⁰
1067 3409 1243 3490 temperavi

115 3500 248 3576 propter
276 3495 479 3578 quorundam
509 3493 678 3573 offensam,
715 3495 771 3575 qui
799 3493 906 3558 adhuc
938 3499 1014 3558 sunt
1042 3493 1241 3577 superstites,

116 3579 235 3644 latiusr
256 3579 337 3644 haec
362 3580 500 3665 posteris
527 3578 733 3662 exequenda<l
755 3579 949 3661 relinquens.
999 3578 1143 3659 Accipite
1167 3596 1242 3659 ergo

116 3664 195 3727 hocr
223 3686 358 3747 parvum
388 3666 613 3729 munusculum
644 3685 683 3728 ea
713 3662 925 3745 benignitate,
962 3673 1045 3745 qua⁸
1074 3661 1243 3726 devotione

116 3750 250 3814 missum
264 3754 345 3815 esta
363 3771 436 3815 mea
448 3750 615 3835 parvitate.
653 3749 691 3813 In
705 3747 792 3814 calce
807 3753 915 3813 autem
934 3746 1066 3812 obsecro
1080 3747 1242 3824 lectorem,

174 3887 201 3951 *)
220 3884 364 3942 Chronicae
382 3887 515 3950 videlicet,
533 3903 614 3956 quam
627 3886 731 3954 Regino
748 3883 882 3954 quondam
900 3883 982 3938 abbas
1000 3883 1156 3936 Pruniensis
1174 3899 1243 3937 ccm-

218 3955 309 4021 posuit
327 3956 391 4009 odd.
409 3956 447 4019 (A
454 3954 483 4019 2)
501 3956 527 4010 A
542 3958 566 4009 1.

117 4052 138 4102 a)
153 4055 261 4098 Praefatio
273 4056 330 4095 deest
343 4057 367 4094 ia
379 4056 449 4095 codice
461 4055 481 4094 A
489 4057 509 4106 2,
522 4055 634 4104 recensere
643 4055 706 4104 prior
718 4054 771 4093 liber
784 4054 808 4092 in
820 4052 866 4092 ΑΒ.
928 4050 952 4103 b)
965 4052 1091 4102 adalperonl
1104 4051 1153 4101 A1;
1169 4051 1244 4091 adhal-

116 4105 193 4145 baronl
202 4105 240 4155 (B)
253 4107 273 4144 B
283 4109 302 4147 1.
312 4109 335 4155 23
348 4106 491 4147 adhelberonl
504 4107 524 4144 B
536 4107 557 4146 t.
597 4104 618 4157 c)
632 4105 702 4145 literis
716 4104 734 4143 A
748 4107 767 4144 1.
808 4103 1005 4154 d)pr0beturA1;
1019 4103 1151 4152 approbetur
1164 4104 1184 4141 B
1194 4105 1211 4142 1.
1223 4103 1243 4141 2.

117 4156 137 4205 e)
161 4156 350 4197 condemnctnrd
364 4161 381 4197 1.
435 4157 454 4208 t)
475 4167 606 4196 consumans
619 4158 646 4196 Β.
700 4153 723 4205 g)
747 4156 837 4213 ceptum
848 4156 874 4194 B.
928 4153 954 4204 h)
976 4153 1210 4204 hlstcrlophgnphiB
1223 4155 1242 4192 2.

116 4206 133 4256 1)
147 4207 269 4247 deectBl.
334 4207 528 4257 numanae.
595 4206 761 4257 putemur.
826 4205 991 4254 milacem.
1057 4204 1244 4256 marauna.

116 4258 259 4309 o)stflumA
273 4260 291 4297 1.
320 4257 343 4309 p)
356 4260 427 4300 laetus
441 4261 467 4299 B.
504 4258 528 4308 q)
543 4258 721 4308 exquenoa1313
736 4267 825 4306 exsequ
839 4257 888 4297 Ba.
923 4254 997 4303 rihcc
1011 4256 1060 4296 ΒΞ.
1097 4256 1116 4308 s)
1130 4256 1243 4305 qulam.

118 4343 144 4409 1)
164 4343 327 4411 Augustoao
345 4344 499 4399 887-910.

1057 4447 1071 4496 1
