2978 4950
243 283 313 338 VIII
591 280 789 338 REGINONIS
807 278 1024 337 CHRONIOON.

243 435 418 501 collectione
439 457 589 501 cononum
611 446 640 500 et
656 435 855 500 decretalium
873 433 1042 518 Hisponal
1060 435 1224 519 suppleret,
1247 435 1375 520 sinpula

242 560 347 622 pauca
368 560 407 601 en
435 536 516 601 Vitis
536 547 712 602 sanctorum
737 535 868 616 Goaris,
893 535 1065 614 Lamberti,
1091 535 1287 613 Columbani,
1313 537 1375 600 Ar-

244 640 335 722 nulfl,
361 638 507 719 Paulini,
534 638 633 724 Lupi,
655 639 774 724 Elipii,
796 638 947 715 Martini,
972 635 1115 701 Severini
1137 636 1375 722 (Coloniensis),

248 741 412 821 Theodori,
434 741 567 822 Anioni,
589 741 725 820 Veienti,
747 740 870 819 Albini,
888 737 1040 803 Paterni²
1058 748 1086 803 et
1102 740 1230 824 scriptis
1247 740 1374 804 Boethii

244 843 381 909 adderet.
424 843 464 906 In
486 843 708 907 altercantem
731 842 926 926 libransque
952 841 996 903 ad
1017 863 1047 905 a.
1067 842 1139 906 818.
1163 851 1272 904 auctor
1297 864 1375 905 unos

245 944 386 1008 Annales
413 943 631 1010 Laurissenses
653 941 809 1008 maiores³
835 943 1014 1027 euseripsit,
1043 943 1155 1027 quibus
1181 944 1224 1007 ad
1251 966 1280 1006 a.
1301 944 1373 1009 755.

246 1045 486 1111 ‘Revelotionem
501 1047 626 1131 factam
650 1055 756 1111 sancto
774 1067 879 1129 papae
902 1043 1088 1130 Stephano'4
1114 1056 1142 1108 et
1169 1047 1213 1108 nol
1234 1068 1264 1108 a.
1288 1068 1377 1129 supe-

245 1149 359 1212 riorem
387 1149 567 1213 mentionem
594 1146 766 1232 Waltfrecli
794 1147 915 1210 abbatis
943 1146 1071 1210 Etrusci
1098 1168 1137 1210 coc
1163 1146 1236 1211 Vita
1264 1147 1376 1210 illius⁵

243 1249 374 1334 petitam
395 1251 515 1317 inserit.

331 1400 381 1465 Ab
402 1424 433 1468 a.
453 1403 524 1468 813.
554 1402 674 1486 Rapina
699 1401 797 1465 nullis
823 1401 914 1464 libris
939 1423 1012 1464 usus
1037 1412 1081 1466 est
1107 1402 1172 1465 nisi
1197 1401 1376 1466 Annalibus

246 1502 689 1576 Prumiensibusbrenissimis
711 1504 745 1566 in
764 1503 959 1588 marpinibus
981 1502 1158 1566 tabularum
1177 1505 1377 1587 paschalium

245 1605 372 1689 scriptis
400 1615 427 1670 et
455 1604 592 1689 quadam
620 1614 759 1668 actorum
786 1614 814 1668 et
841 1605 1045 1688 epistularum
1068 1630 1092 1672 s.
1110 1605 1168 1669 IX.
1192 1606 1378 1687 collectione,

246 1706 334 1770 cuius
363 1729 441 1790 pars
470 1707 614 1770 monimo
644 1707 689 1769 ad
719 1706 866 1771 Lotbarii
894 1708 978 1792 repis
1012 1708 1181 1771 diuortium
1211 1709 1375 1792 spectabat.

247 1806 400 1887 Annales,
427 1809 481 1892 qui
505 1830 597 1892 usque
623 1809 668 1871 ad
689 1809 790 1892 ipsius
811 1811 947 1873 auctoris
968 1820 1107 1894 tempora
1132 1811 1328 1894 pertinebant
1351 1822 1380 1875 et

247 1911 406 1974 etiamtum
429 1910 699 1990 continuabantur,
723 1911 788 1995 ipsi
809 1932 870 1974 non
891 1911 958 1975 iam
981 1922 1117 1990 exstant,
1143 1913 1197 1976 sed
1220 1913 1378 1996 usquead

247 2035 277 2075 o.
306 2011 378 2076 960.
402 2011 482 2096 fons
513 2011 688 2076 Annalium
723 2012 954 2076 Stabulcnsium
985 2011 1060 2096 (88.
1083 2012 1184 2093 XIII,
1215 2013 1376 2096 39-43)

239 2113 377 2198 fuerunt
404 2124 432 2177 et
452 2136 545 2199 usque
567 2114 611 2178 od
633 2138 663 2181 o.
683 2115 761 2194 922,
789 2115 825 2177 ni
842 2113 966 2197 fallor,
994 2114 1034 2177 ab
1061 2125 1184 2179 auctore
1212 2114 1377 2179 annualium

247 2217 442 2301 quorundam
464 2216 499 2280 in
521 2216 624 2282 codice
646 2217 829 2281 Matritensi
850 2217 1040 2280 inventorum
1063 2219 1199 2300 encerpti
1220 2227 1300 2299 sunt,
1323 2219 1379 2301 qui

246 2329 369 2382 auctore
402 2319 556 2382 Biclario
587 2319 695 2382 abbate
723 2319 902 2381 Prumiensu'
931 2317 1147 2402 (899-922)
1177 2329 1206 2382 et
1236 2321 1378 2404 episcopo

250 2417 413 2483 Leodiensi
435 2418 636 2503 (922-945)
660 2443 688 2484 a.
710 2422 783 2488 922.
810 2419 978 2502 conscripti
998 2421 1120 2484 atinde
1142 2419 1254 2484 Leodii
1280 2423 1378 2484 conti-

247 2522 337 2584 nuati
358 2519 460 2584 suntss.
508 2522 652 2587 Collectio
673 2532 775 2586 autem
797 2521 859 2584 illa
880 2521 954 2585 baec
975 2522 1098 2585 videtum
1120 2525 1319 2588 continuisse:

334 2659 361 2721 1.
399 2665 471 2719 acta
492 2657 606 2743 synodi
627 2659 736 2722 tertiae
758 2657 859 2741 Aquis
882 2657 961 2741 Apr.
982 2658 1032 2723 29.
1056 2657 1219 2739 babitae⁷,·

333 2784 361 2847 2.
398 2784 561 2868 epistulam
594 2784 724 2848 Arsenii
752 2785 847 2869 lopati
874 2784 1052 2870 apostolici,
1082 2807 1144 2869 quo
1173 2785 1378 2871 Enpeltrudis

245 2885 368 2970 perfido
389 2886 524 2952 Bosonis
545 2910 624 2952 uuor
646 2910 676 2953 a.
696 2889 768 2954 865.
792 2888 1054 2952 encommunicata
1077 2886 1158 2968 est8,·

332 3015 361 3080 3.
398 3015 563 3100 epistulam
584 3039 687 3102 papoe
707 3016 839 3080 Nicolai
861 3016 933 3082 867.
956 3016 1026 3077 Ian.
1047 3017 1096 3081 25.
1121 3016 1165 3078 ad
1187 3038 1287 3100 repem
1309 3015 1375 3078 Ka-

246 3117 348 3180 rolum
376 3117 560 3199 directam9,
591 3142 653 3202 qua
681 3129 783 3183 noster
811 3119 905 3182 etiam
934 3117 968 3180 in
997 3117 1076 3181 libro
1107 3117 1144 3182 de
1174 3117 1377 3202 synodalibus

248 3219 351 3282 causis
372 3241 444 3283 usus
466 3229 527 3300 est,

248 3421 276 3490 1)
294 3421 417 3479 botunto
435 3440 569 3479 canonum
587 3424 711 3480 ecclesiae
728 3425 884 3492 Hispanae,
908 3426 993 3478 Matr.
1015 3426 1096 3491 180&
1127 3425 1269 3493 Epistotoe
1287 3425 1377 3478 decre·

247 3509 315 3565 tons
339 3524 374 3563 ac
397 3509 528 3576 rescripto
548 3510 709 3579 ponteficum
734 3510 937 3574 Romanorum,
968 3510 1003 3564 ib.
1024 3510 1088 3565 1821
1095 3529 1104 3577 ‚·
1132 3510 1239 3577 chino
1263 3510 1378 3564 editione

246 3595 331 3649 multo
355 3593 475 3648 breuiore
498 3610 567 3650 usus
590 3596 698 3650 uiduus
722 3611 785 3649 esse.
856 3593 883 3657 2)
904 3595 982 3648 Vitae
1007 3595 1103 3649 Albini
1125 3602 1150 3650 et
1171 3597 1288 3650 Paterni
1309 3595 1376 3648 ΜΘ.

247 3679 327 3734 Auct.
342 3684 397 3734 ant.
412 3679 465 3743 IV,
491 3678 515 3743 2,
533 3680 665 3747 27-37,
693 3680 804 3745 Arnutfi
821 3678 870 3734 88.
889 3694 941 3733 rer.
955 3681 1025 3734 Mer.
1039 3682 1083 3746 II,
1101 3682 1265 3747 tto-446,
1287 3680 1379 3746 Eiipii

248 3766 325 3833 opud
337 3764 488 3833 D'Acberp
505 3763 700 3834 ‘Spialepium’
718 3767 750 3829 V,
765 3767 823 3832 176,
833 3765 958 3820 Martini
973 3765 1002 3818 in
1015 3764 1134 3833 Sulpicii
1144 3765 1236 3820 Seueri
1251 3766 1378 3834 operibus

248 3850 289 3904 ed.
303 3849 330 3904 0.
342 3851 435 3916 Halm,
452 3850 567 3905 Vindob.
583 3851 658 3918 1866,
673 3852 775 3905 Anioni
787 3850 865 3918 apud
878 3849 1002 3915 Theium
1021 3847 1057 3904 ‘S
1073 3849 1203 3916 utiquam,
1221 3851 1289 3904 Par.
1301 3851 1377 3917 1832,

246 3950 273 4002 p.
285 3937 318 3990 13
332 3942 357 3990 et
365 3935 399 3990 37
413 3942 439 3992 et
451 3938 528 4004 opud
536 3936 649 3991 Surium
661 3937 694 4002 V,
708 3937 767 4002 417,
783 3942 884 3992 ceterae
898 3935 928 3988 in
937 3932 1015 3988 Actis
1024 3934 1195 3989 Sanctorum.
1247 3933 1273 3997 3)
1292 3935 1341 3988 88.
1351 3938 1376 4003 Ι,

248 4020 393 4076 134-218.
461 4022 489 4087 4)
507 4021 557 4077 88.
570 4023 635 4086 XV,
649 4024 673 4076 2.
743 4021 769 4086 5)
788 4024 860 4076 Acta
874 4019 968 4074 Sanet.
978 4018 1059 4072 Febr.
1073 4019 1117 4084 ΙΙ,
1131 4018 1190 4072 842.
1260 4018 1286 4081 6)
1305 4019 1378 4074 Anu.

247 4107 426 4161 Prumienses
444 4107 484 4161 ed.
503 4109 735 4176 Hono-Emer,
759 4107 808 4162 88.
823 4107 888 4171 XV,
908 4103 1062 4156 1289-92.
1131 4102 1158 4167 7)
1176 4103 1282 4165 Mansi,
1301 4100 1378 4157 ‘Con-

248 4192 370 4246 siliorum
387 4192 513 4247 coticula*
529 4193 593 4256 XV,
612 4195 660 4249 611
675 4209 730 4260 sqq.
814 4191 840 4256 8)
860 4187 960 4244 Monoi
973 4187 1035 4250 XV,
1054 4188 1104 4241 326
1118 4203 1156 4255 sq.
1234 4189 1261 4252 9)
1281 4190 1378 4244 Mansi

250 4277 316 4344 XV,
334 4277 478 4333 alt-321.
