2978 4950
467 421 666 478 REGINONIS
683 422 899 479 CHRONIOON.
1193 422 1245 479 v11

205 575 367 638 Rathbodo
396 576 627 660 archiepiscopo
649 577 777 663 Rapina
801 575 972 659 ‘epistolam
1001 575 1038 638 de
1064 576 1246 639 harmonica

118 675 331 755 institutioni,
353 677 600 740 dissertationem
617 677 757 741 videlicet
779 678 957 762 implorem,
979 677 1067 740 cuius
1083 677 1247 740 exordium

120 786 148 839 et
161 776 242 858 flnis
263 778 313 839 hic
335 777 428 861 infra
450 778 581 862 lependa
599 778 797 862 praebentur,
819 802 886 842 cum
914 781 989 843 ‘octo
1010 779 1092 841 tonis
1113 779 1247 841 musicae

119 878 209 940 artis’
237 878 403 942 dedicauit.
448 879 567 942 Eodem
588 880 751 944 Rathbodo
778 891 902 944 auctore
929 879 1070 944 Hathoni
1095 880 1248 963 archiepi-

118 1000 208 1061 scopo
230 979 415 1064 Mapontino
436 981 523 1043 circa
545 1002 574 1047 a.
592 981 664 1047 906.
687 981 835 1044 ‘libellum
856 982 894 1045 de
920 981 1123 1068 synodalibus
1145 981 1249 1044 causis

119 1080 395 1165 uechsiasticisque
417 1081 607 1165 disciplinis’
630 1083 835 1166 conscriptum
856 1083 956 1162 misit,
980 1084 1066 1147 cuius
1086 1083 1248 1167 praefatio

118 1183 190 1245 item
212 1183 283 1245 huic
304 1183 501 1267 praefationi
521 1204 606 1245 meae
628 1182 824 1268 adiunpitur.

204 1284 382 1346 Manimnm
416 1294 517 1346 autem
552 1284 724 1368 Rapinonis
759 1305 835 1368 opus
870 1285 1035 1348 chronicon
1068 1295 1124 1366 est,
1165 1284 1248 1369 quod

119 1406 148 1445 a.
169 1384 241 1448 908.
264 1383 458 1447 Adalberoni
476 1384 661 1468 Aupustano
683 1387 835 1468 episcopo,
858 1386 926 1448 uiro
947 1386 1125 1450 doctissimo
1146 1397 1174 1450 et
1196 1386 1248 1449 iit·

118 1495 255 1549 terarum
272 1485 419 1565 studioso,
441 1485 606 1549 dedicavit.
651 1486 691 1548 Iu
712 1485 912 1570 praefatione
929 1487 1008 1550 dicit
1024 1509 1247 1550 consummasse

117 1609 178 1650 sese
196 1598 331 1671 coeptum
351 1609 461 1671 opusc
475 1587 583 1671 primo
600 1588 832 1652 incarnationis
851 1587 1027 1651 dominicae
1045 1611 1129 1651 anno
1146 1608 1247 1670 usque

118 1688 152 1750 in
173 1693 353 1769 presentem
376 1708 504 1767 annum,
528 1688 584 1770 qui
607 1694 812 1770 computatur
834 1709 854 1752 a
875 1689 1003 1770 prefata
1024 1688 1247 1754 incarnatione

118 1790 247 1855 Domini
279 1792 354 1869 9083
395 1790 554 1853 clauditur
589 1802 691 1856 autem
727 1793 891 1856 chronicon
930 1814 961 1857 a.
989 1791 1068 1857 906:
1107 1791 1248 1854 dubitari

118 1893 216 1976 ipitur
236 1903 340 1977 potest,
365 1894 554 1978 inteprumne
576 1904 730 1957 seruatum
752 1895 857 1957 sitan
878 1904 913 1956 ut
935 1893 979 1957 ad
999 1916 1030 1956 a.
1050 1893 1122 1958 892.
1144 1893 1190 1955 ita
1212 1893 1247 1955 in

109 1994 176 2076 flue
203 1994 241 2056 ab
266 1995 346 2079 ipsis
372 1995 554 2079 aequalibus
575 1997 759 2060 mutilatum.
804 1997 897 2059 Duae
925 1995 1027 2079 operis
1051 2004 1158 2078 partes
1179 1994 1247 2077 effl-

118 2097 244 2157 ciuntur
265 2119 302 2159 ea
324 2119 372 2175 re,
399 2096 481 2180 quod
503 2107 726 2182 auctoresque
753 2098 796 2161 ad
817 2119 933 2161 annum
956 2097 1028 2162 813.
1045 2095 1118 2180 fere
1141 2097 1248 2159 omnia

118 2219 155 2260 en
178 2198 389 2280 antiquiorum
412 2199 598 2282 scriptorum
627 2198 716 2262 libris
738 2199 874 2283 collepit,
900 2208 1001 2261 cetera
1027 2206 1142 2276 annm,
1169 2219 1248 2280 quae

116 2308 297 2382 sequuntur,
323 2320 377 2362 suo
403 2299 506 2362 studio
532 2300 579 2361 ita
604 2322 635 2363 se
658 2300 857 2384 descripsisse
879 2299 945 2382 ipse
967 2299 1060 2376 dicit,
1086 2303 1184 2380 prout
1212 2297 1246 2360 in

116 2399 340 2463 chronicorum
357 2398 451 2463 libris
470 2399 626 2465 adnotata
643 2401 794 2465 invenerit
813 2404 870 2464 aut
888 2421 928 2463 ex
941 2398 1098 2464 relatione
1115 2403 1246 2482 patrum

116 2501 230 2565 auditu
258 2502 425 2584 percipere
451 2503 594 2586 potuerit.
647 2504 718 2587 Ipse
749 2524 819 2566 uero
850 2512 957 2566 auctor
988 2523 1065 2585 opus
1092 2523 1184 2565 suum
1211 2501 1247 2564 in

116 2604 192 2668 duos
208 2604 304 2667 libros
319 2604 438 2684 divisit,
461 2625 589 2688 quorum
610 2606 716 2687 priori
732 2627 794 2669 non
812 2604 933 2688 langius
955 2625 1049 2686 quam
1068 2603 1112 2665 ad
1129 2626 1159 2669 a.
1173 2602 1246 2670 741.

112 2706 282 2790 pertinenti
303 2707 486 2769 inscribitur
507 2704 635 2770 libellus
659 2705 698 2771 de
720 2704 920 2789 temporibus
938 2703 1119 2769 dominicae
1141 2704 1247 2768 incar-

116 2809 269 2888 nationis,
292 2809 461 2892 posteriori
482 2807 564 2872 liber
587 2808 627 2872 dc
649 2809 747 2890 gestis
768 2828 880 2890 regum
903 2806 1110 2871 Francorum.

200 2911 249 2974 De
264 2911 408 2994 sonitibus
429 2910 472 2995 cf.
497 2911 538 2972 H.
558 2911 713 2990 Ermisch,
736 2911 808 2974 ‘Die
825 2910 962 2975 Chronilc
983 2910 1036 2973 des
1055 2910 1177 2994 Rapina
1199 2909 1246 2973 his

117 3013 199 3091 813²,
221 3012 303 3078 Gott.
324 3013 415 3090 1872,
439 3023 466 3074 et
484 3035 530 3090 ea,
553 3034 632 3096 quae
651 3012 716 3096 ipse
734 3012 771 3074 de
788 3013 833 3074 eis
848 3010 971 3094 pratuli
987 3011 1100 3074 ‘Neues
1118 3009 1244 3075 Archiu'

116 3115 188 3193 XV,
210 3113 390 3179 312-324.
436 3113 502 3178 Hoc
525 3114 590 3176 loco
611 3134 658 3190 ea,
681 3133 758 3195 quae
780 3113 826 3174 ibi
846 3113 1056 3175 demonstrata
1078 3121 1156 3192 sunt,
1179 3111 1245 3174 hre-

115 3216 237 3278 uissime
260 3225 393 3298 repetere
415 3216 494 3278 satis
516 3221 565 3281 sit.

202 3318 241 3378 In
266 3317 373 3399 priore
400 3317 481 3379 libro
504 3317 625 3397 Rapina
651 3314 757 3378 multis
783 3314 959 3378 auctoribus
979 3315 1151 3398 promiscue
1172 3337 1245 3379 usus

116 3430 173 3499 est,
200 3420 247 3482 ita
268 3429 302 3480 ut
324 3417 552 3503 chronolopiam
579 3428 607 3480 et
633 3416 702 3480 alia
726 3438 831 3500 pauca
852 3437 890 3479 en
914 3416 1019 3480 Bedae
1042 3417 1185 3480 chronico
1207 3418 1244 3480 de

114 3545 169 3586 sen
191 3520 363 3585 aetatibus¹
385 3530 525 3600 sumeret,
547 3529 647 3583 cetera
667 3519 846 3604 plurimae
868 3519 1028 3602 scriptura
1048 3540 1143 3581 sacra
1165 3518 1245 3602 (uul-

114 3625 217 3710 pata),
241 3623 363 3686 Adonis
384 3619 641 3707 martyrolopi02,
671 3621 773 3686 Gestis
794 3620 975 3705 pontificum
999 3621 1211 3684 Romanorum
1219 3619 1244 3700 ³,

117 3727 261 3789 Historia
285 3722 517 3803 Francorum4,
547 3722 650 3788 Gestis
672 3722 882 3808 Dapobeutt,
906 3721 1004 3784 Pauli
1023 3721 1163 3786 Diaconi
1185 3722 1243 3784 Hi-

115 3827 214 3891 storia
238 3825 552 3911 Lanpoburdorumss,
576 3826 752 3889 Annalibus
776 3822 990 3888 nemesin
1013 3825 1244 3902 a716-741,

117 3981 143 4046 1)
163 3981 258 4036 Codice
281 3997 356 4036 nunc·
377 3981 481 4035 latente.
565 3980 592 4045 2)
617 3980 717 4036 Sarius
735 3978 788 4034 ‘De
808 3981 887 4048 prob.
905 3985 991 4034 sanct.
1017 3979 1147 4034 historiis'
1175 3980 1243 4044 VII,

118 4066 184 4120 1086
191 4082 260 4134 399.,·
280 4066 384 4132 Repinc
398 4066 488 4120 codice
501 4082 576 4119 nunc
588 4067 686 4120 latente
698 4080 766 4118 usus
780 4070 826 4119 est.
879 4063 906 4127 3)
923 4063 1078 4130 Duchesne,
1097 4063 1147 4117 ‘Le
1161 4064 1244 4117 Liber

116 4150 314 4216 Pontificalis’:
347 4149 450 4216 Rapina
476 4151 532 4203 cod.
557 4151 606 4204 Ru
631 4165 706 4204 usus.
793 4149 820 4212 4)
846 4147 983 4203 31333.
1007 4165 1059 4203 rer.
1078 4151 1181 4204 Mercu.
1200 4150 1242 4206 II,

115 4234 267 4300 ulo-32&
296 4235 352 4287 ced.
370 4236 448 4288 Bla.
518 4235 545 4297 5)
563 4235 635 4289 Ibid.
654 4235 705 4288 396
712 4250 766 4301 399.
771 4250 780 4298 ,·
800 4232 883 4287 eaden
895 4233 1130 4300 acclamarunt,
1148 4234 1244 4288 similis

116 4319 174 4372 cad.
184 4320 231 4371 ia.
285 4317 311 4382 6)
330 4318 398 4372 Ma.
412 4319 461 4372 SS.
475 4334 527 4373 rer.
536 4319 660 4387 Laupab.
674 4324 700 4370 et
711 4320 775 4373 Ital.
790 4334 812 4371 3.
828 4319 986 4383 VI.-IX.,·
1004 4319 1087 4373 eaden
1098 4318 1243 4384 Repinonis

113 4403 206 4470 periit,
223 4402 272 4456 sed
288 4403 326 4456 ad
344 4403 420 4456 codd.
438 4402 494 4457 Gb
509 4403 630 4470 monime
648 4403 767 4458 accessit.
837 4400 864 4467 7)
884 4402 951 4456 ΜΘ.
965 4402 1015 4458 SS.
1029 4404 1055 4468 I,
1073 4403 1157 4470 7399.
