2978 4950
250 291 284 345 64
480 287 679 345 nuulnonls
697 287 916 345 CHRONICON.
951 290 984 345 A.
998 293 1155 349 803-804,

95 452 154 493 sun.
169 453 236 494 usur.
337 441 428 497 Anno
451 442 633 497 dominicae
655 442 898 496 incarnationis
916 439 1060 499 uocem.
1081 447 1174 500 terrae
1192 448 1283 501 motus
1300 445 1323 501 A
1340 449 1376 501 uis

251 511 362 580 palatio
379 509 466 565 factus
485 514 526 564 est
540 514 571 565 et
583 510 737 564 mortalitas
751 509 894 565 subsecuta
906 512 976 566 est*.
1002 512 1174 582 winigisus·
1191 530 1210 569 a
1226 513 1304 569 Grim
1347 517 1376 570 ol

251 579 371 633 redditus
389 582 455 632 esta
496 579 572 632 Missi
590 578 627 632 im
664 579 761 633 ratoris
780 576 813 632 *a
831 577 1064 648 Constantinopoli
1081 582 1396 650 repressimus·
1418 598 1428 634 a

251 649 381 701 venerunt
398 663 457 700 cum
476 647 515 701 eis
533 647 620 715 legati
660 646 806 700 iobofori⁸
824 648 1002 713 imperatoris,
1021 650 1068 719 qui
1084 652 1153 704 tuno
1169 666 1230 704 rem
1248 650 1377 719 publicam

251 731 1378 847 ,m

251 868 330 918 super
347 851 457 906 fluvium
476 852 540 905 Sala
557 852 586 905 in
603 824 668 913 loco,
691 852 738 972 (ὲυί
756 850 855 905 dicitur
874 851 944 915 Salz,
967 801 1127 920 &pamm
1149 854 1294 911 faciendae
1311 857 1378 925 pacis

251 920 278 973 in
297 917 447 975 Christo²
464 923 648 987 susceperunt;
667 920 695 973 in
714 935 729 972 e
748 919 853 974 dimissi
871 936 931 974 cum
949 920 1065 989 epistola
1081 923 1120 977 im
1156 924 1259 979 tatoris
1271 926 1379 980 Romanu

251 991 389 1051 venerunt,
412 989 487 1042 inde¹
510 987 770 1055 Constantinopolim
792 987 952 1055 regressi¹¹
973 992 1078 1044 sunt.”
1134 1008 1161 1045 m
1199 995 1277 1048 rator
1294 997 1379 1048 autem

252 1055 418 1110 Baioariaml
436 1054 618 1124 profectus***
636 1056 677 1109 dis
726 1056 799 1110 itism
817 1055 1035 1111 Pannoniarumn
1051 1059 1139 1113 causis
1185 1061 1248 1130 quis
1266 1076 1379 1117 resersus

252 1127 305 1187 est;
324 1125 363 1179 ibi
381 1126 501 1180 natalem
520 1125 630 1179 Domini
648 1141 676 1178 ce
689 1125 802 1179 ebrarit.

337 1193 428 1248 Anno
454 1194 637 1248 dominicae
663 1193 905 1247 incarnationis
931 1191 1088 1249 DCOCHH.
1120 1194 1272 1264 imperator
1298 1197 1379 1268 Aquis

251 1261 411 1325 hiemavitt,
430 1265 533 1317 aestate
547 1278 608 1315 vero
626 1262 653 1315 in
667 1260 809 1315 Samnium
827 1277 896 1316 cum
914 1263 1032 1316 exercitu
1048 1265 1197 1331 perrexit
1215 1282 1307 1321 omnes
1333 1283 1379 1329 ue,

252 1330 298 1398 qui
316 1334 390 1384 trans
404 1329 515 1384 Albium
533 1333 579 1384 et⁰
597 1330 625 1383 in
638 1329 793 1384 wihmodir
811 1330 983 1394 habitabant,
1001 1331 1116 1385 Saxones
1129 1348 1191 1386 eum
1206 1284 1380 1389 mulieriluec

251 1400 281 1451 et
297 1398 446 1452 infantibus
468 1398 609 1453 transtulit
631 1397 659 1451 in
682 1398 822 1451 Franciam
845 1400 874 1452 ot
895 1415 979 1467 pagos
1000 1399 1201 1456 transalbianos
1223 1401 1381 1458 Abrouuur

309 1516 334 1580 *)
353 1517 503 1583 Imperator
529 1519 590 1583 post
617 1532 697 1583 pasca
722 1517 756 1571 ab
780 1516 805 1570 A
824 1517 866 1571 uis
889 1516 1023 1585 proiectus
1053 1517 1089 1573 ad
1113 1519 1159 1573 lla
1179 1521 1285 1575 ontiam
1308 1522 1380 1577 veuit

354 1585 453 1707 {2122}
453 1585 544 1709 scgrtqo
560 1600 632 1638 more
646 1588 803 1639 conventum
854 1602 979 1640 ancorum
992 1585 1089 1641 habuit
1165 1606 1262 1644 .muu.
1275 1607 1298 1646 a.
1312 1591 1379 1645 XII.

295 1737 333 1802 **)
352 1738 486 1807 Venitque
510 1737 673 1791 Fortunatus
697 1738 850 1805 patriarcba
874 1738 906 1792 de
928 1738 1032 1803 Grecis,
1059 1740 1172 1795 afferens
1197 1758 1289 1797 secum
1312 1744 1379 1799 inter

355 1804 622 1928 cetrecrfldqnassdgas
639 1809 730 1873 portas
749 1807 877 1861 eburneas
895 1807 1006 1862 mirifico
1024 1825 1102 1876 opere
1120 1809 1243 1878 sculptas
1265 1813 1329 1866 add.
1347 1830 1379 1866 m.

355 1891 377 1928 s.
458 1891 512 1928 .en
590 1915 595 1926 .

280 1959 293 1987 tt
312 1959 324 1989 t
837 1960 843 1971 ”
960 1961 965 1973 ⁸
982 1981 988 1992 ·
1102 1961 1109 1974 ”

295 1958 1006 2106 *³{latiturus”attitulatus
1020 1963 1379 2093 {tristabitur

355 2097 438 2150 citum
452 2113 499 2163 per
513 2096 657 2163 apertiores
671 2096 727 2147 vias
740 2111 780 2148 rre
812 2097 923 2149 ermisit.
948 2096 1062 2152 Indead
1071 2097 1262 2165 Regeueeburo
1275 2103 1378 2156 veniens

356 2165 492 2233 dispositis
515 2165 565 2225 bis,
589 2180 639 2233 que
657 2163 738 2217 utilia
760 2112 920 2218 videbantur
942 2181 1006 2228 esse,
1029 2165 1174 2220 advemurn
1196 2170 1329 2224 exereitus
1349 2169 1379 2223 de

355 2233 495 2288 Pannonia
519 2233 656 2286 redeuntis
680 2231 887 2299 prestolabatur.
930 2231 1032 2297 Quibus
1057 2234 1170 2289 reversis
1191 2235 1301 2291 obviam
1325 2238 1379 2292 illis

356 2302 389 2355 ad
407 2302 595 2368 Ragenesburo
617 2301 700 2354 venit.
739 2299 783 2353 Ibi
802 2301 884 2354 etiarn
904 2316 963 2354 cum
981 2302 1038 2355 illis
1055 2302 1146 2357 Zodan
1167 2304 1292 2372 princeps
1312 2306 1378 2360 Pan·

355 2372 450 2424 noniae
475 2371 583 2424 veniens
608 2368 763 2434 imperatori
787 2384 815 2421 se
839 2367 963 2422 tradidit.
1004 2370 1086 2424 Multi
1109 2387 1214 2452 quoqne
1240 2372 1331 2428 Sclari
1353 2379 1380 2428 et

355 2438 429 2491 Huni
447 2438 476 2491 in
494 2437 585 2491 eodem
604 2439 736 2489 conventu
754 2435 863 2490 fuerunt
885 2440 957 2490 etse
976 2453 1035 2491 cum
1054 2439 1189 2503 omnibus,
1213 2457 1283 2510 quae
1300 2443 1379 2510 possi-

356 2504 464 2568 debant,
482 2505 651 2572 imperatoris
669 2503 787 2582 dominio
805 2504 989 2559 subdiderunt.
1024 2505 1241 2630 Constitutisque
1259 2511 1378 2565 omnibus

354 2572 530 2634 utilitatibus,
549 2588 617 2641 quae
635 2572 691 2624 illrs
709 2573 832 2638 partibus
849 2575 999 2628 necessaria
1016 2577 1101 2638 erant,
1124 2591 1172 2642 per
1215 2577 1378 2633 lemanniam

357 2643 384 2694 et
401 2657 449 2707 per
466 2640 642 2694 Wormatiam
661 2640 757 2692 hiemis
778 2644 899 2709 tempore
921 2642 957 2696 ad
974 2641 1059 2711 Aquis
1081 2643 1214 2710 palatium
1238 2646 1314 2701 venit
1330 2647 1378 2701 ibi-

356 2725 406 2777 que
424 2709 543 2762 natalem
561 2709 671 2761 Domini
688 2709 841 2773 celebrarit.

308 2791 336 2858 †)
355 2795 391 2847 Io
409 2795 467 2848 B3
484 2810 557 2847 aaran.
571 2809 592 2848 s.
606 2794 679 2847 XII.
697 2794 728 2847 in
744 2795 867 2862 marpissa
888 2795 955 2848 boec
972 2796 1067 2848 addit:
1099 2797 1127 2850 et
1145 2794 1179 2850 ab
1198 2796 1286 2867 Aquis
1302 2799 1378 2867 profi·

356 2861 454 2915 ciscens
481 2861 556 2916 venit
582 2860 617 2914 ad
642 2861 783 2928 palatium,
809 2861 878 2931 quod
903 2861 1002 2917 dicitur
1025 2862 1200 2932 Niumagnm.
1243 2866 1288 2921 Ibi
1312 2867 1378 2921 veris

354 2947 465 2986 manens
495 2930 594 2997 pascha
624 2930 706 2984 etiam
737 2929 839 2984 ibidem
866 2930 1013 2985 celebrarit
1036 2932 1236 3002 incipienteque
1267 2936 1377 2989 aestatis

354 3002 474 3067 tempore
492 2999 526 3053 ad
540 2998 625 3067 Aquis
642 2999 775 3066 palatium
788 3001 924 3052 revertens
937 3000 1082 3053 exercitum
1095 3001 1125 3054 in
1139 2999 1282 3056 Saxoniam
1296 3004 1376 3057 misit.

357 3069 481 3122 Transito
511 3068 585 3121 Reno
616 3068 768 3135 generalem
799 3069 956 3121 conventum
987 3069 1149 3122 Francorum
1177 3068 1276 3124 habuit
1306 3072 1377 3125 iusta

252 3140 257 3145 ”
326 3142 329 3147 “
356 3136 468 3204 Lippiae
491 3136 605 3198 iontem;
627 3139 785 3204 sumptoque
809 3135 871 3189 inde
895 3136 992 3189 itinere
1017 3153 1065 3203 per
1081 3135 1223 3191 Saxoniam
1246 3138 1377 3206 proiectus

356 3207 444 3258 castra
467 3206 585 3257 metatus
610 3207 651 3257 est
675 3204 704 3255 in
726 3203 790 3266 loco,
815 3204 861 3272 qui
885 3203 985 3258 dicitur
1010 3204 1180 3259 Boldonstat.
1223 3206 1256 3260 In
1283 3208 1376 3276 quibus

355 3273 450 3325 castris
473 3273 555 3325 etiam
579 3270 731 3324 Sclavorum
754 3273 887 3338 principes
911 3272 1055 3336 affuerunt,
1082 3289 1194 3342 quorum
1217 3276 1305 3329 causis
1327 3275 1377 3329 dis·

355 3341 437 3392 cussis
461 3342 489 3393 et
510 3339 654 3392 secundum
680 3340 822 3393 arbitrium
847 3338 984 3406 dispositis
1011 3357 1102 3408 regem
1127 3342 1185 3395 illis
1210 3342 1377 3398 Trasiconem

355 3408 502 3461 constituit.
544 3408 633 3460 Missis
651 3407 713 3461 inde
732 3407 891 3461 exercitibus
913 3409 968 3461 suis
985 3425 1033 3475 per
1051 3409 1169 3464 diversas
1190 3415 1283 3478 partes
1301 3412 1377 3466 Saro-

354 3477 423 3539 niae,
442 3479 499 3529 tam
517 3475 630 3542 perfidos
648 3475 717 3538 illos,
736 3493 800 3544 quos
818 3475 892 3529 ultra
910 3475 1020 3530 Albiam
1038 3478 1191 3541 transierat,
1211 3495 1292 3548 quam
1310 3481 1376 3542 illos,

372 3546 401 3599 ui
428 3545 457 3598 in
483 3544 617 3612 Wigmoti
643 3542 789 3597 manebant
819 3547 847 3597 et
872 3543 1057 3614 frequentibus
1085 3546 1224 3600 malefitiis
1251 3549 1376 3616 populum

354 3563 487 3667 gononum
505 3629 521 3665 a
539 3612 583 3666 via
600 3612 724 3666 veritatis
743 3615 907 3675 averterant,
930 3629 989 3667 curn
1007 3614 1165 3667 mulieribus
1183 3618 1212 3668 et
1229 3615 1376 3670 infantibus

353 3683 410 3736 Deo
428 3681 575 3735 auxiliante
594 3680 793 3747 sapientissima
815 3678 989 3747 dispositione
1007 3681 1040 3736 de
1057 3682 1172 3736 Saxonis
1193 3699 1242 3751 per
1261 3683 1376 3739 divemas

353 3751 410 3804 rias
442 3750 562 3817 dirigens
592 3748 713 3802 funditus
740 3749 929 3803 exterminavit
960 3753 987 3803 et
1013 3767 1062 3817 per
1093 3749 1198 3804 Gallias
1224 3755 1377 3822 ceterasque

353 3818 475 3886 regiones
493 3818 572 3886 regni
590 3818 632 3870 sui
649 3817 706 3870 sine
723 3816 780 3870 ulla
798 3817 897 3871 lesione
916 3819 1045 3872 exercitus
1063 3819 1105 3872 sui
1123 3818 1259 3885 dispersit.

247 3933 273 3984 a)
290 3935 459 3983 unineglruss.
520 3935 544 3985 b)
561 3935 729 3983 grimoldum.
792 3934 813 3983 a)
831 3935 967 3976 redditurA.
1025 3935 1048 3987 d)
1067 3939 1190 3984 suntrogr.
1204 3938 1231 3980 A.
1283 3938 1305 3986 el
1321 3939 1377 3979 nico·

252 3985 584 4034 phor1A1.8;ntcofor1A2.
638 3987 656 4036 t)
670 3987 824 4026 machaerae.
841 3989 887 4026 Bt.
941 3989 964 4036 g)
977 3988 1131 4028 calixtusal.
1144 3989 1165 4028 3.
1205 3988 1375 4037 musinium.

252 4036 269 4087 1)
286 4037 380 4086 indeque
393 4038 419 4077 A.
480 4037 505 4087 k)
524 4042 575 4078 sunt
587 4039 672 4078 reversi
684 4038 711 4077 A.
773 4038 790 4086 l)
806 4039 935 4078 beuuariam
947 4039 973 4078 A.
1035 4044 1065 4085 nr)
1083 4040 1306 4088 disp-celebravit
1319 4051 1377 4081 erosa

252 4090 275 4127 r'rr
288 4088 337 4127 Bt.
398 4090 422 4140 n)
435 4090 593 4137 pannoniorum
606 4091 633 4130 B.
695 4088 716 4138 o)
729 4089 785 4129 deest
798 4089 824 4128 A.
886 4090 909 4140 p)
922 4090 1084 4139 stremonium
1102 4089 1234 4131 uussrmohdi
1247 4091 1377 4142 132;uutb·

252 4139 311 4179 modi
323 4140 371 4179 Rs.
425 4144 447 4189 q)
460 4142 587 4180 muneribus
602 4143 649 4180 Ba.
702 4140 900 4191 r)abotridlsA1.
915 4143 937 4191 2;
956 4142 1184 4182 inconsultans.

246 4226 279 4346 ⁴14)
301 4224 419 4348 Callistus
437 4224 594 4280 candidatus
612 4225 740 4279 scholaris
758 4226 787 4279 in
804 4226 907 4293 palatio
926 4229 999 4282 Aoo.
1016 4231 1104 4282 Lour.
1183 4228 1211 4294 2)
1233 4227 1377 4294 inscripto

278 4311 324 4348 ao.
369 4311 431 4350 our.
