2978 4950
433 333 640 393 BthINONIS
658 334 874 391 CHRONIOON.
911 335 943 390 Α.
956 337 1015 393 866.
1259 339 1292 393 91

161 487 286 567 tutum,
316 489 475 555 maturius
506 488 615 618 tuffam
642 487 781 570 arripuit
806 494 839 553 et
865 509 938 553 cum
966 489 1078 576 debita
1105 489 1293 555 confusione

153 569 245 641 fines
264 575 377 659 regni⁸
398 575 536 640 excessit
558 626 566 641 .

248 659 322 726 Hac
346 657 561 742 tempestate²
587 658 790 723 Hucbertusl
812 658 911 738 abba,
939 658 1041 724 frater
1068 658 1291 744 Thietbirgae⁰
1309 671 1390 739 (857).

146 746 310 827 reginae,
339 752 452 811 contra
478 744 688 810 Lothsrium‘l
713 764 821 826 regem
850 744 1009 809 rebellare
1039 757 1193 810 exorsus⁰
1226 751 1290 825 est3

140 831 301 897 -ooliscts
317 831 455 915 quippef
472 829 650 914 predonum
668 829 775 894 valida
793 849 890 893 manu
909 831 1042 911 rapinas
1064 832 1190 915 coopit⁸
1203 853 1292 897 exer-

152 935 238 981 cere
253 915 496 998 interfectisque
515 922 573 979 sut
589 914 710 997 fugatis
724 914 890 979 Lothariid
904 914 1062 993 fidelibus,
1081 919 1138 999 qui
1155 916 1293 982 finitima

153 1000 376 1083 possidebant
395 1001 477 1078 loca,
497 1020 593 1084 agros
615 1000 772 1083 villasque
795 1020 906 1064 eorum
925 1021 1003 1065 suae
1021 1000 1171 1066 factionis
1190 1008 1292 1066 secta-

155 1086 311 1152 toribus*
333 1085 527 1153 denibuin.
573 1085 625 1149 Ad
650 1084 891 1150 huiuscemodi¹
913 1085 1127 1150 temeritatem
1155 1088 1292 1171 compri-

163 1171 315 1239 mendam
331 1171 524 1237 [aotharins‘l
541 1170 611 1236 rex¹
629 1170 737 1248 semel,
756 1171 874 1234 iterum
893 1175 990 1252 atque
1004 1171 1100 1234 tertio
1116 1173 1291 1236 exercitum

165 1257 326 1341 produxit,
353 1256 539 1341 frequenter
565 1256 664 1321 ctiam
692 1276 764 1320 cum
792 1254 927 1320 ducibus
956 1261 1153 1320 armatorum
1183 1257 1290 1321 multi-

168 1343 309 1409 tudinem
330 1340 464 1420 direxit;
488 1342 546 1406 sed
562 1341 693 1405 minime
712 1340 795 1406 hanc
812 1341 1084 1423 presumptionem
1103 1341 1291 1425 extinguere

167 1428 283 1510 potuit,
312 1426 390 1511 quis
410 1427 484 1491 loca
509 1425 747 1491 inaccessibilia
769 1426 854 1490 inter
876 1426 1015 1492 lurumm
1037 1431 1071 1490 et
1092 1425 1188 1510 Alpes
1210 1426 1291 1491 Pen-

166 1514 278 1579 ninas¹¹
300 1511 464 1578 seditiosis
486 1511 755 1577 munitissimum⁰
777 1510 975 1592 prebebant?
997 1512 1237 1594 receptaculum
1259 1518 1291 1577 et

167 1599 231 1682 regi
252 1598 471 1681 exercituique
494 1599 582 1663 eiusq
602 1602 736 1679 propter
758 1616 899 1662 concava
925 1596 1055 1662 vallium
1083 1603 1115 1661 et
1135 1605 1291 1682 prerupta

168 1685 321 1749 montium
350 1683 516 1749 artissima
545 1683 680 1747 itinerar
711 1680 875 1747 difficilem
901 1683 1090 1766 ingressum.
1138 1684 1291 1750 Attamen

166 1768 267 1835 idem·
294 1767 474 1853 acephala³
494 1768 693 1833 Hucbertust
718 1768 890 1833 novissime
916 1790 936 1833 a
959 1767 1128 1835 Conradou
1152 1768 1290 1835 comite4

167 1860 347 1936 peremptus
370 1860 418 1918 est
440 1855 552 1919 iuxtav
580 1858 732 1931 castrum,
755 1853 841 1936 quod
865 1853 978 1918 Urbaw
1000 1854 1150 1922 dicitur5.
1307 1865 1387 1932 (864).

247 1941 342 2004 Anno
356 1938 535 2005 dominicae
553 1939 786 2003 incarnationis
800 1937 1081 2007 meconitis-⁶
1099 1940 1289 2023 Herispoius
1308 1953 1388 2016 (857).

167 2045 221 2090 rex
243 2025 425 2090 Brittonum
452 2044 473 2088 a
494 2024 563 2088 suis
585 2022 791 2101 interficitur,
821 2029 854 2088 et
876 2023 1026 2088 Salomon
1054 2024 1120 2089 dux
1145 2026 1198 2088 iuy
1220 2025 1291 2089 loco

81 2111 234 2175 inscius
261 2109 465 2192 subrogatur.
508 2109 607 2174 Erat¹
628 2110 732 2173 euim·
754 2108 857 2173 isdem
880 2110 929 2172 vir
951 2116 1102 2174 strenuus
1125 2117 1157 2174 et
1179 2109 1291 2174 *belli-

167 2215 256 2263 cosns
291 2202 324 2260 et
358 2201 425 2259 tam
461 2193 565 2258 forma
600 2215 696 2278 quam
732 2194 840 2257 animo
875 2193 918 2257 ad
949 2196 1039 2277 regni
1072 2195 1291 2276 gubernacula

168 2281 363 2364 coaptatusl'.
420 2280 572 2345 Carolus⁰
598 2281 696 2344 tertio
724 2300 821 2360 super
850 2279 1013 2343 Brittones
1043 2300 1117 2342 oum
1147 2280 1291 2343 exercitu

167 2367 287 2431 irruere
317 2365 473 2447 disponit,
510 2365 567 2429 sed
601 2386 674 2431 cum
705 2364 747 2428 ad
782 2365 956 2429 terminos<1
987 2365 1090 2448 gentis
1119 2365 1291 2448 appropin-

166 2457 326 2535 quassem,
349 2450 478 2530 audito,
508 2450 596 2534 quod
623 2451 665 2515 ad
692 2450 906 2515 resistendum
933 2451 1012 2515 totis
1039 2449 1161 2514 viribus
1184 2450 1291 2532 parati

166 2543 281 2617 essent,
307 2536 415 2602 subito
433 2542 559 2601 mutata
576 2536 741 2600 voluntate
761 2536 863 2620 magis
886 2536 981 2619 elegit
999 2557 1112 2618 pacem
1128 2536 1291 2620 suscipere

165 2643 261 2705 quam
284 2621 405 2687 bellum
427 2622 562 2699 inferre;
592 2620 680 2686 facta
702 2623 813 2705 itaque
838 2623 987 2705 pactione
1014 2643 1086 2686 cum
1109 2621 1290 2702 Salomone,

165 2707 405 2791 quamdudum
428 2727 501 2772 cum
523 2707 711 2791 Herispciof
735 2707 866 2785 fecerat,
890 2708 1068 2776 discessitl.

166 2858 262 2960 egrapsi
275 2861 370 2901 nesse.
406 2860 429 2909 b)
444 2859 551 2901 hubertus
564 2861 612 2900 ΑΙ.
649 2859 669 2911 c)
682 2861 819 2910 thietbergse
832 2861 880 2900 At.
895 2862 945 2909 Ba,
964 2861 1025 2899 tietb.
1041 2861 1088 2899 Bt.
1124 2861 1148 2909 d)
1162 2861 1231 2899 hioth.
1245 2861 1291 2902 At.

165 2913 305 2953 eexhorsus
319 2913 346 2952 B.
430 2913 564 2961 collectaque
577 2912 625 2952 ΑΒ.
687 2912 711 2962 g)
725 2913 823 2970 cepttB.
869 2913 892 2958 ir)
906 2911 1136 2960 exequutosibnsee.
1185 2912 1202 2960 i)
1215 2912 1292 2950 tribuit

165 2963 366 3011 A1.2;deditA³.
393 2964 551 3014 kquemA33
569 2962 748 3003 huscemcdtBl.
780 2961 1091 3013 prex-etquodnam.
1123 2962 1290 3004 mliursmee.

166 3012 189 3064 u)
201 3017 337 3066 appenninae
350 3015 391 3054 AS
451 3014 473 3064 o)
491 3014 639 3054 munitissima
652 3014 672 3052 Β
681 3016 703 3061 2ς
722 3013 778 3053 deest
791 3015 810 3052 Β
819 3015 839 3053 3.
891 3013 914 3063 p)
931 3013 1140 3062 pren-smissims
1153 3013 1229 3052 desunt
1241 3014 1261 3052 B
1270 3014 1290 3051 ii.

164 3069 187 3115 q)
204 3066 407 3106 etexercituldti.
460 3065 480 3117 r)
493 3067 517 3105 lt.
533 3066 615 3106 atel.
629 3067 649 3105 s.
707 3065 726 3112 s)
743 3065 798 3104 deest
811 3064 860 3103 133.
913 3064 930 3111 t)
950 3064 1072 3110 hugbertus
1085 3064 1132 3103 Aa.
1186 3063 1210 3113 u)
1227 3074 1292 3102 cusin·

165 3117 279 3158 rechi.
293 3119 312 3158 8.
366 3128 380 3155 v
407 3117 526 3158 tustth.
584 3117 613 3167 w)
630 3117 743 3156 orbth.
796 3115 821 3164 x)
839 3114 1075 3155 mecummet.
1133 3112 1156 3164 y)
1175 3115 1230 3153 deest
1242 3115 1289 3154 At.

165 3167 357 3219 eliisei-isdem
387 3170 506 3209 menidi.
547 3167 696 3218 s)deestA2.
741 3166 949 3216 bicosptsturdi.
964 3168 990 3206 B.
1036 3169 1056 3211 c)
1071 3165 1122 3205 Kar.
1137 3167 1163 3206 A.
1204 3165 1227 3213 d)
1242 3176 1291 3204 ecn-

165 3220 268 3260 terminos
281 3220 301 3260 A
310 3224 329 3261 8.
383 3220 404 3270 e)
417 3221 506 3269 adprcp.
521 3221 547 3259 Β.
600 3220 618 3269 ί)
631 3219 755 3268 herispogio
768 3220 817 3259 Aa.

166 3323 192 3386 1)
210 3323 260 3377 859
278 3339 367 3377 mense
385 3323 528 3377 Ianuario.
602 3324 629 3386 2)
653 3325 716 3377 Iam
735 3340 761 3377 a.
774 3323 826 3377 857
844 3329 957 3375 ineante
974 3320 1134 3385 Lattarins,
1153 3326 1184 3375 nt
1203 3320 1289 3373 Tisiet-

165 3391 275 3457 herpone
290 3389 391 3453 fratris
408 3392 517 3445 ancilia
531 3391 665 3457 privaret,
683 3398 778 3446 contra
791 3392 962 3458 aniertnm
978 3390 1061 3458 qnasi
1073 3389 1229 3443 seditiosam
1244 3404 1290 3440 ea·

162 3459 325 3527 perditionem
341 3458 421 3526 feeit,
446 3459 495 3514 sed
510 3475 540 3513 re
557 3459 660 3524 insecta
677 3461 764 3514 rediit.
809 3459 917 3513 Deinde
935 3476 961 3512 a.
974 3460 1025 3512 859
1043 3457 1190 3511 Lndomico
1207 3456 1290 3522 inspe-

165 3529 219 3582 tori
231 3543 278 3581 eas
290 3528 413 3594 repienes
423 3528 557 3594 permisit,
571 3532 602 3581 nt
614 3528 653 3582 ad
664 3528 740 3581 sliam
754 3529 850 3582 tellam
861 3533 955 3582 cenna
965 3527 1135 3593 Hapiertnm
1143 3524 1290 3591 petendam

164 3595 340 3658 transferret:
372 3602 462 3651 tamen
487 3595 647 3663 Hnatertas
669 3613 687 3650 a
710 3595 805 3651 Carolo
826 3611 888 3662 repe
910 3595 1031 3658 adiutas,
1055 3594 1104 3662 qni
1121 3609 1181 3646 enni
1199 3609 1224 3646 a.
1239 3593 1291 3647 862

164 3665 246 3717 etiam
268 3663 382 3718 abbatia
403 3664 442 3719 St.
457 3664 578 3718 Martini
596 3664 748 3718 Taronmsi
769 3665 888 3729 densarat,
911 3680 964 3717 sna
981 3661 1109 3726 defendit.
1148 3662 1292 3714 Dimmler

165 3728 208 3796 11,
226 3732 301 3801 itaq,
319 3733 361 3787 38.
421 3733 449 3798 3)
469 3733 523 3796 aar
540 3738 623 3799 capnt
641 3749 730 3798 snam,
748 3749 837 3802 nepem
854 3732 974 3786 videlicet
991 3736 1040 3784 ant
1056 3729 1179 3797 reperiam
1197 3744 1290 3782 mona·

164 3801 271 3865 stiram,
289 3816 344 3854 non
362 3801 502 3867 apaesaim
520 3801 626 3854 rebellis
644 3806 694 3855 ant
707 3802 820 3855 clericas
833 3801 1003 3866 coninpatns.
1029 3799 1063 3852 P.
1099 3796 1176 3863 Oonf.
1190 3797 1291 3851 Isidor.

166 3869 239 3936 Oria
256 3869 290 3935 V,
308 3870 350 3931 39,
368 3871 414 3930 39;
440 3869 526 3934 VIII,
545 3871 569 3931 5,
588 3870 628 3923 66.
707 3869 733 3934 4)
757 3869 891 3923 Koarado
903 3869 947 3921 ΙΙ.
964 3867 1025 3934 filio
1047 3866 1180 3920 Koaradi
1192 3867 1216 3919 I.
1235 3863 1293 3932 filii

173 3936 257 4001 Weid.
307 3936 361 3990 Oai
385 3937 520 3991 Konrado
547 3953 607 3990 carn
635 3937 748 3991 Carcine
773 3953 821 3991 res
846 3937 1001 3990 comitatam
1028 3934 1291 3989 autissiodorensem

164 4004 311 4069 (Anseres)
326 4006 477 4071 ademisset,
491 4005 660 4059 Lndowicas
673 4006 830 4070 imperator,
844 4012 875 4060 nt
888 4004 1015 4057 sitieram
1029 4003 1193 4069 conciliaret,
1207 4019 1233 4056 a.
1241 4001 1293 4056 864

164 4073 190 4126 ei
206 4073 362 4128 comitatam
381 4074 518 4140 anbcrti
538 4074 647 4126 tritaet:
675 4074 764 4127 eodem
787 4088 859 4128 anno
881 4073 927 4125 dte
944 4071 1050 4138 praelio
1072 4072 1160 4126 eictm
1182 4071 1291 4133 cecidit·

164 4141 443 4207 demlerll,110.
495 4141 522 4206 5)
542 4141 610 4196 Orbe
623 4143 653 4195 in
667 4143 793 4196 districta
814 4141 923 4196 Waadt.
976 4139 1002 4203 6)
1022 4143 1057 4193 A.
1071 4141 1122 4194 857
1128 4159 1135 4203 ;
1153 4140 1295 4194 Dimmler

163 4209 190 4273 I,
209 4208 268 4263 412.
338 4211 363 4274 7)
383 4209 497 4264 Garoias
515 4211 574 4276 ipse
591 4211 725 4264 Bretones
741 4225 796 4263 non
814 4223 961 4276 oppressas
979 4214 1033 4262 est:
1060 4207 1176 4272 Samnio,
1196 4207 1244 4275 qni
1257 4207 1292 4260 ab

163 4277 240 4332 ins'tio
265 4279 344 4344 repni
369 4278 415 4332 sai
439 4279 469 4331 in
495 4279 623 4333 seditione
646 4279 805 4345 permansit,
830 4281 976 4344 postquam
1003 4293 1027 4330 a.
1046 4276 1097 4330 862
1123 4294 1141 4330 a
1166 4276 1293 4329 Radberto

164 4345 321 4400 sacratione
345 4362 405 4400 cam
431 4347 603 4401 Narmanm's
628 4347 770 4400 con-innato
791 4346 895 4400 cladem
920 4345 1036 4411 accepit,
1061 4345 1170 4399 tandem
1194 4360 1221 4397 a.
1241 4343 1293 4397 863
