2978 4950
526 946 576 1044 ll
603 944 794 1044 lllslltl
819 943 1027 1043 lltlllltl

322 1125 368 1200 DE
395 1123 615 1201 HARMONICA
642 1123 900 1200 INSTlTUTlONE
926 1123 976 1198 Al)
1003 1124 1232 1199 RATHBODUM

509 1241 827 1320 ARGHIEPISGOPUM
853 1239 1042 1318 ultuma!

214 1513 354 1569 INCIPIT
381 1498 557 1567 EPIS'TOLA
583 1514 631 1567 DE
658 1510 849 1567 ARMONIcA
875 1511 1134 1567 INSTITUTIONE
1159 1512 1268 1567 lflssA
1295 1514 1354 1569 AD

346 1596 575 1653 RATHBODUM
601 1595 921 1653 ARGHIEPISCOPUM
947 1596 1209 1652 TREVERENSEM

530 1681 555 1737 A
581 1682 768 1738 udalricus
794 1680 1024 1737 PRRSBITERO.

300 1801 579 1867 Excellentissimo
611 1801 740 1866 domino
771 1800 941 1866 Rathbodo
973 1806 1105 1866 sanctae
1136 1800 1353 1868 Treverensis

215 1888 372 1954 acclesiae
399 1888 643 1971 archiepiscopo
670 1888 791 1971 Regino
818 1886 968 1953 devotum
995 1885 1184 1970 obsequium
1210 1887 1245 1952 in
1271 1910 1352 1972 per-

214 1981 356 2060 petuum.
402 1973 482 2038 Cum
504 1973 691 2055 frequenter
712 1973 747 2037 in
768 1973 907 2038 aeclesia
924 1979 1050 2038 vestrae
1068 1973 1205 2037 diocesis
1222 1972 1351 2041 chorus

213 2059 422 2145 psallentium
443 2058 640 2141 psalmorum
663 2057 836 2124 melodiam
858 2057 1000 2124 confusis
1021 2063 1189 2124 resonaret
1210 2059 1351 2126 vocibus

214 2151 347 2231 propter
376 2144 611 2210 dissonantiam
640 2144 711 2208 toni
740 2149 774 2209 et
801 2165 859 2226 pro
887 2143 1109 2208 huiuscemodi
1136 2164 1171 2209 re
1200 2144 1348 2210 vestram

214 2229 453 2296 venerationem
467 2251 543 2312 sepe
557 2235 752 2296 commotam
765 2229 928 2308 vidissem,
942 2230 1066 2313 arripui
1078 2228 1349 2313 antiphonarium

216 2322 248 2382 et
274 2336 346 2380 cum
373 2338 394 2380 a
419 2315 577 2400 principio
605 2337 708 2398 usque
734 2316 769 2378 in
796 2314 891 2379 finem
917 2335 975 2396 per
1001 2316 1144 2380 ordinem
1171 2315 1350 2398 diligenter

215 2400 378 2468 revolvens
396 2400 599 2483 antiphonas,
622 2421 704 2484 quas
721 2400 755 2463 in
774 2398 830 2464 illo
849 2399 1021 2466 adnotatas
1039 2400 1174 2484 repperi,
1192 2403 1347 2484 propriis,

216 2493 253 2552 ut
275 2508 359 2566 reor,
390 2482 541 2550 distribui
567 2487 662 2553 tonis.
714 2484 893 2551 Divisiones
920 2487 1017 2551 etiam
1043 2492 1206 2565 tonorum,
1235 2485 1349 2553 idest

216 2624 243 2689 1)
270 2625 318 2678 Ee
343 2623 431 2678 codice
454 2624 627 2680 bibliothecae
649 2624 777 2691 publicae
801 2623 879 2678 aclis
900 2624 1052 2691 Lipsiensis
1077 2642 1119 2679 ar.
1137 2626 1188 2679 995
1209 2640 1282 2679 saec.
1307 2627 1345 2680 X.

211 2691 333 2760 fortasse
349 2693 528 2760 auiopraplco.
554 2695 591 2746 la
609 2697 681 2761 ierpo
698 2693 794 2746 saltem
811 2693 871 2746 eius
883 2692 1046 2760 inscriptam
1064 2699 1103 2747 est
1121 2709 1206 2747 ecana
1223 2708 1245 2747 s.
1258 2694 1345 2749 XVI.

215 2761 324 2814 unicum
338 2760 422 2828 ipsius
436 2758 560 2814 Auctoris
573 2761 792 2828 manuscriptum.
817 2763 854 2814 Ia
870 2776 934 2829 pap.
947 2763 1028 2817 tertia
1044 2778 1131 2816 ciana
1144 2779 1165 2816 s.
1175 2763 1230 2815 XI.
1248 2761 1347 2816 cineae

216 2836 423 2895 enumerantur,
445 2846 510 2898 quas
528 2827 694 2883 Rotmundus
716 2829 823 2882 villicus
844 2827 958 2882 fratrum
981 2828 1014 2882 de
1031 2828 1160 2883 Ocimada
1176 2829 1289 2893 (Kaimt
1307 2831 1348 2885 ad

216 2898 375 2962 Mosellam)
399 2897 532 2966 quondam
550 2896 680 2951 fratribus
702 2897 778 2951 dedit
799 2898 827 2951 in
850 2897 1016 2952 concambio:
1043 2899 1072 2951 in
1094 2897 1165 2952 valle
1182 2897 1254 2951 Sella
1272 2900 1347 2962 (Zell

216 2968 255 3022 ad
277 2968 510 3031 Mosellam)...‚
536 2966 565 3020 in
588 2966 794 3030 Plantone...,
821 2966 850 3020 in
873 2965 1091 3029 Pumeruol...,
1119 2966 1152 3020 ad
1170 2966 1264 3020 Laiam
1280 3006 1287 3020 .
1303 3006 1309 3019 .
1325 3007 1347 3030 .‚

217 3035 246 3089 in
268 3034 481 3099 Nodcreia...,
511 3035 579 3089 item
601 3035 636 3090 ad
658 3035 779 3089 Laiolam
799 3074 861 3098 ...,
893 3035 920 3088 in
942 3034 1022 3088 Vallo
1041 3073 1102 3097 ...,
1133 3035 1162 3088 in
1183 3033 1274 3088 Artcri

216 3106 273 3158 Pro
281 3105 380 3172 quites
388 3105 465 3158 illam
475 3105 611 3170 occepisse
621 3110 733 3158 motatur
741 3120 773 3157 ex
782 3103 859 3157 rebus
873 3102 988 3157 fratrum
1003 3102 1036 3157 ad
1047 3103 1131 3157 Noals
1140 3103 1246 3157 vincam
1254 3103 1276 3156 I.
1288 3142 1294 3154 .
1307 3144 1314 3157 .
1325 3145 1346 3167 .,

216 3172 245 3224 in
258 3171 398 3226 Bodenans
412 3171 498 3235 1....‚
517 3171 550 3226 ad
565 3171 660 3225 Gerolt
673 3172 700 3235 1,
718 3172 794 3224 iuxta
807 3171 884 3224 illam
898 3171 1028 3225 terminat
1043 3173 1119 3225 vinea
1132 3171 1219 3226 sancti
1228 3169 1346 3237 Arnulfi,

217 3239 252 3293 ad
265 3239 344 3292 Meils
358 3239 381 3292 l.
395 3279 401 3291 .
416 3279 423 3293 .
437 3279 456 3301 .‚
475 3239 509 3292 ad
522 3239 616 3293 Perers
631 3279 637 3291 .
653 3278 659 3290 .
676 3279 695 3302 .,
712 3240 742 3292 in
759 3239 916 3293 summitate
934 3240 1030 3293 Marlei
1043 3240 1065 3303 1,
1084 3244 1191 3294 sanctus
1204 3239 1347 3295 Amandus

216 3306 299 3361 habet
321 3307 397 3360 iuxta
419 3307 505 3360 illam.
549 3308 626 3362 Unde
646 3307 724 3361 laad
745 3308 801 3361 scio
824 3324 862 3361 aa
885 3309 1027 3377 collipatm·
1049 3309 1165 3362 codicem
1187 3313 1350 3364 monasterii

216 3376 399 3444 Mammium
414 3391 500 3442 prope
519 3376 617 3430 Kaimt
633 3376 681 3430 siti
696 3375 793 3441 faisse.
834 3377 890 3430 Hic
911 3377 957 3430 elle
978 3378 1045 3431 liber
1068 3378 1173 3432 videtur
1189 3375 1292 3444 faisse,
1310 3379 1347 3433 de

216 3461 268 3512 qao
291 3443 373 3498 Geel.
391 3444 424 3497 ale
441 3445 589 3499 Mastriclrt
610 3444 751 3511 (spadices
773 3445 933 3499 Brememsis
955 3446 1148 3510 less—1721)
1168 3446 1197 3499 ia
1219 3446 1348 3514 catalopo

217 3513 391 3567 bibliothecae
399 3529 467 3567 sace
480 3530 506 3566 a.
518 3513 596 3566 1719.
608 3513 678 3566 edito
692 3513 759 3566 laec
773 3513 896 3575 scribit(
915 3554 921 3566 .
935 3514 1014 3579 954).·
1033 3513 1179 3580 Reginonis
1191 3513 1348 3582 presbyteri

217 3598 231 3635 e
250 3581 332 3635 istola
355 3579 387 3634 de
405 3581 568 3635 Harmonice
586 3579 736 3660 Discipliua
759 3579 792 3634 ad
815 3530 987 3635 Rathdhdum
1011 3582 1127 3649 archiep.
1150 3581 1346 3646 Trevirensem‚

243 3649 411 3703 uthenticum
426 3649 459 3703 ab
474 3649 484 3702 i
504 3666 532 3702 so
547 3652 653 3703 auctore
667 3651 797 3716 scriptum
811 3652 838 3702 et
847 3650 957 3704 missum
972 3649 1006 3703 ad
1015 3650 1242 3717 archiepiscopum
1255 3651 1349 3706 seculo

217 3666 1190 3854 llarilutulitlltilti”alulit”solitaurilium
1206 3719 1349 3842 {milli

217 3826 342 3916 insertae’,
357 3855 431 3906 cuius
445 3870 530 3923 neque
544 3853 676 3917 Balnzim,
690 3854 737 3923 qui
750 3853 935 3922 Rheginonem
948 3854 1042 3919 edidit,
1056 3827 1167 3908 nec’alii
1180 3827 1348 3911 locutionem

217 3922 329 3976 faciunt.
372 3923 453 3976 Illius
479 3923 549 3976 mica
577 3923 679 3977 codicis
705 3925 823 3977 Bremae
848 3925 954 3978 nullum
980 3926 1036 3978 iam
1061 3925 1204 3990 oesiipium
1226 3924 1353 3980 inueniri

221 3991 253 4046 V.
268 3989 308 4044 Ol.
323 3989 367 4043 W.
381 3990 414 4043 de
427 3991 548 4058 Bippea,
567 3992 739 4047 archiscrias
756 3993 923 4059 Bremeasis,
941 3993 988 4046 cui
1004 3994 1072 4046 haec
1088 3993 1178 4058 debeo,
1196 4001 1349 4050 asseverat.

217 4058 307 4113 Ocalee
324 4058 479 4125 Lipsiensis
500 4060 530 4112 im
548 4061 660 4126 impiata
681 4061 758 4125 foliis
775 4061 921 4127 epistulam
943 4061 975 4115 de
992 4061 1153 4116 harmonica
1174 4061 1349 4117 institutione

217 4128 341 4192 emine,
366 4127 462 4181 deinde
484 4129 605 4182 musicae
626 4130 695 4183 artis
719 4135 795 4184 tonos
817 4135 976 4197 erimarias
998 4145 1032 4184 em
1055 4129 1146 4183 codice
1167 4130 1351 4187 Bruxellensi

218 4212 261 4250 mr.
274 4195 342 4248 2751
361 4211 430 4250 saec.
451 4198 487 4250 X.
505 4197 545 4250 ed.
564 4197 770 4263 Ooassemalcer,
797 4194 960 4264 ‘Scriptores
982 4199 1014 4251 cle
1032 4198 1145 4252 Musica
1166 4197 1250 4252 medii
1267 4202 1348 4255 aeoi’

220 4264 313 4344 Paris.
340 4264 491 4386 18675111,
519 4266 627 4327 1-73;
656 4267 800 4333 epistolam
823 4266 907 4320 edidit
928 4265 1051 4332 (lectari,
1077 4263 1188 4333 ‘Seram
1217 4267 1280 4321 eccl.
1311 4269 1346 4325 de

216 4348 321 4388 musica
337 4347 419 4388 sacra
469 4372 475 4386 .
