2978 4950
237 366 288 420 148
512 362 708 418 REGINONIS
727 361 945 419 CHRONICON.
981 362 1013 418 A.
1028 365 1088 419 901.

108 533 219 584 (rasas-i
232 517 267 580 in
297 537 396 580 unum
428 516 632 596 congregati⁸
662 514 887 579 Ludowicumb
915 514 1017 579 filium
1049 516 1165 599 prefati
1194 517 1360 601 principis,

231 622 326 684 quem
357 622 396 665 ex
426 599 569 682 legitimo
599 600 804 665 matrimonio
834 608 1034 684 susceperat,
1065 622 1174 683 regem
1202 623 1297 685 super
1326 623 1360 667 se

231 691 342 751 creant
355 692 388 750 et
401 692 588 750 coronatum
603 686 764 768 regiisque
779 687 995 751 ornamentis⁰
1013 686 1161 751 indutum
1179 686 1213 750 in
1231 687 1359 769 fastigio

229 773 319 854 regni
343 771 529 836 sublimant.

317 873 401 936 Dum
427 871 509 936 haec
530 872 564 935 in
586 871 762 937 Germania
784 878 937 955 aguntur,
964 873 1049 936 inter
1070 871 1309 938 Zuendibolch‘l
1330 881 1363 939 et

230 957 443 1042 primoribuse
465 957 558 1039 regni
579 955 785 1038 inexpiabilis
808 958 913 1022 oritur
935 957 1115 1023 dissensio¹
1131 965 1266 1042 propter
1283 960 1363 1024 assi-

231 1042 313 1108 duas
331 1042 577 1124 depredationes
596 1048 628 1106 et
645 1044 788 1125 rapinas,
811 1064 894 1124 quae
911 1042 945 1106 in
962 1063 1061 1127 regno
1080 1042 1211 1122 fiebant,
1235 1050 1268 1108 ct
1286 1045 1364 1127 quia

231 1150 304 1192 cum
336 1127 525 1193 mulieribus
560 1133 593 1192 et
623 1127 865 1210 ignobilioribus
900 1129 991 1210 regni
1025 1130 1156 1211 negotia
1191 1129 1365 1214 disponens

230 1214 434 1280 honestiores
462 1220 495 1278 et
520 1213 696 1278 nobiliores
723 1233 868 1297 quosque
890 1213 1049 1278 deiciebat
1075 1221 1108 1278 et
1131 1215 1309 1280 honoribus
1333 1222 1365 1279 et

231 1299 443 1384 dignitatibus
458 1298 653 1381 expoliabat.
700 1299 762 1362 Pro
776 1297 998 1364 huiuscemodi
1015 1300 1126 1382 itaque
1145 1320 1244 1364 causa
1262 1301 1364 1364 omni-

230 1385 291 1450 bus
314 1384 444 1450 odiosus
466 1383 616 1462 efficitur.
662 1383 819 1448 Certatim
841 1384 940 1467 igitur
957 1384 1001 1450 ad
1018 1384 1242 1450 Ludowioumf
1257 1392 1365 1449 trans·

231 1475 309 1535 eunt
336 1490 473 1552 eumque
496 1469 530 1533 in
551 1489 686 1552 regnum
709 1468 919 1534 introducunt
941 1476 994 1535 etss
1019 1471 1053 1535 in
1076 1470 1260 1535 Theodonis
1287 1470 1366 1535 villa

231 1554 379 1620 manibus
394 1555 479 1620 datis
493 1555 563 1618 eius
577 1553 788 1618 dominationi
801 1574 836 1618 ss
855 1554 1027 1622 subiciunt.
1062 1554 1252 1620 Ludowioof
1273 1560 1365 1620 trans

231 1640 399 1704 Rhenumh
413 1645 508 1703 eunte
521 1636 755 1703 Zuendibolch¹
774 1637 973 1716 coadunatis,
992 1642 1232 1724 quoscumquek
1249 1641 1365 1723 potuit,

232 1725 378 1790 civitates
401 1731 491 1806 regni
512 1723 641 1799 circuit,
669 1721 826 1787 incendiis
850 1744 888 1787 ac
910 1724 1034 1805 rapinis
1063 1731 1179 1789 cuncta
1206 1726 1365 1804 devastat,

231 1809 406 1874 arbitratus
421 1807 611 1886 defectores,
631 1808 687 1891 qui
700 1813 832 1890 propter
845 1809 913 1872 eius
931 1809 1134 1873 insolentiam
1154 1815 1187 1874 et
1201 1811 1365 1874 inmanem

231 1895 394 1959 maliciam
417 1893 458 1958 ab
482 1914 519 1958 eo
541 1892 740 1968 defecerant,
768 1894 949 1958 immaniora
976 1900 1008 1958 et
1032 1895 1144 1977 peiora
1171 1895 1294 1958 faciens
1323 1896 1367 1960 ad

232 2002 265 2045 se
288 1999 440 2044 revocare
461 1999 567 2062 posse.
611 1978 818 2043 Ludowicus‘
842 1979 877 2042 in
893 1999 1027 2062 regnum
1044 1999 1157 2043 rursus
1175 1981 1367 2060 accersitur,

233 2073 265 2130 et
288 2087 307 2129 a
330 2064 504 2130 comitibus
525 2063 697 2147 Stephano,
720 2061 881 2127 Gerardo¹
903 2070 936 2128 et
954 2064 1107 2129 Matfrido
1132 2065 1220 2129 circa
1237 2063 1368 2130 Mosam

49 2166 116 2217 (Ana
128 2163 219 2215 Pom-i·
235 2151 337 2216 isdem
351 2149 582 2215 Zuendibolch¹
593 2151 635 2227 in
640 2148 743 2233 prelio
757 2147 951 2214 interficitur
960 2149 1063 2215 Idusm
1072 2150 1219 2233 Augusti.
1242 2149 1366 2215 Eodem

118 2250 220 2300 Aur-1³·
236 2258 321 2302 anno
346 2235 531 2301 Gerardus¹¹
552 2256 659 2299 comes
682 2231 785 2298 Odam
810 2255 943 2300 uxorem
966 2235 1108 2302 eiusdem
1127 2235 1367 2301 Zuendibolch⁰

231 2323 316 2405 regis
339 2322 403 2386 sibi
424 2322 459 2385 in
481 2320 722 2385 matrimonium
745 2320 885 2404 copulat

758 2469 839 2543 901.

134 2616 212 2682 (899).
317 2593 408 2656 Anno
427 2591 608 2654 dominicae
625 2591 861 2654 incarnationis
876 2590 1037 2656 Dcoocl.
1052 2612 1129 2673 gens
1142 2591 1365 2674 Hungariuml’

232 2675 518 2758 Langobardorum
540 2673 620 2738 fines
642 2676 787 2756 ingressa
810 2674 972 2752 caedibus,
1000 2675 1158 2740 incendiis
1181 2677 1364 2760 acrapinis

232 2760 407 2827 crudeliter
438 2764 556 2822 cuncta
586 2757 764 2825 devastat2.
824 2758 923 2824 Cuius
953 2759 1125 2826 violentiae
1160 2783 1199 2826 ac
1233 2761 1364 2826 beluino

213 2893 215 2896 ι
231 2847 336 2912 furori
353 2867 427 2911 cum
444 2850 552 2909 terrae
571 2844 694 2910 incolae
713 2845 747 2907 in
765 2866 865 2908 unum
884 2865 997 2927 agmen
1015 2846 1202 2926 conglobati
1215 2845 1365 2912 resistere

232 2940 434 3009 conarentur,
450 2928 694 2995 innumerabilis
704 2929 877 2995 multitudo
888 2929 1363 3014 ictibusssagittarum‘periitr,

99 3049 168 3101 (seps.
177 3047 219 3100 a).
235 3041 332 3103 quam
342 3017 475 3101 plurimi
487 3016 628 3100 episcopi
638 3023 670 3081 et
679 3016 811 3082 comites
819 3015 975 3081 trucidati
984 3016 1120 3082 sunt⁸·³.
1135 3017 1365 3081 Liudwardus²

135 3126 215 3192 (900),
235 3107 404 3190 episcopus
420 3103 655 3168 Vercellensisll
673 3103 836 3181 ecclesiae,
856 3100 967 3166 Caroli
985 3102 1145 3185 quondam
1161 3103 1366 3185 imperatoris

233 3188 508 3255 familiarissimus
539 3194 571 3252 et
602 3187 806 3252 consiliarius
837 3207 857 3250 a
888 3193 1025 3266 secreto,
1057 3189 1233 3271 assumptis
1256 3208 1387 3251 secum,

233 3275 349 3359 opibus
372 3279 472 3357 atque
490 3271 798 3354 incomparabilibus
815 3271 988 3351 thesauris,
1012 3272 1128 3357 quibus
1147 3275 1243 3351 ultra,
1267 3293 1364 3355 quam

233 3359 378 3424 estimari
400 3362 521 3440 potest,
548 3356 771 3434 habundabat,
799 3376 872 3419 cum
895 3356 1034 3439 effugere
1062 3378 1170 3422 eorum
1197 3365 1364 3422 cruentam

233 3445 435 3509 ferocitatem
453 3442 600 3506 omnibus
613 3444 698 3506 votis
717 3439 909 3522 elaboraret,
928 3463 1024 3525 super
1042 3463 1096 3506 eos
1113 3442 1235 3507 inscius
1249 3442 1364 3506 incidit

110 3556 222 3608 (mnan.
237 3551 275 3594 ao
293 3549 368 3594 mox
385 3526 594 3605 interficitur,
615 3547 701 3609 opes,
721 3545 804 3611 quae
823 3547 931 3591 secum
945 3527 1139 3607 ferebantur,
1157 3527 1364 3611 diripiuntur.

234 3698 461 3749 a)congretatiA1.
526 3697 552 3745 b)
571 3697 615 3736 iod.
629 3696 681 3747 1133
698 3697 859 3736 indounichum
873 3698 920 3736 Ba.
978 3704 999 3748 c)
1017 3699 1113 3737 hornam.
1128 3698 1176 3737 ΒΒ.
1233 3697 1256 3743 d)
1275 3696 1365 3736 zuendi-

233 3753 321 3803 poldum
336 3752 389 3798 1113
407 3749 540 3790 zuendibolh
555 3747 574 3786 A
584 3750 607 3795 ὃς
624 3748 755 3788 zuendibold
770 3760 795 3787 aa
808 3752 893 3788 correct.
908 3750 928 3787 Β
937 3750 960 3798 2;
979 3749 1119 3788 zuentibolch
1131 3749 1151 3786 Β
1160 3750 1179 3788 3.
1220 3748 1241 3799 e)
1254 3749 1365 3796 prioribus

233 3805 273 3842 ΑΙ
287 3803 421 3852 (deeras).
449 3802 468 3850 f)
482 3799 525 3839 lod.
540 3799 590 3838 aa.
623 3800 1017 3848 g)deesrA3;euntheodonisA1.
1046 3800 1160 3850 hiraunm
1174 3800 1221 3839 Al.
1248 3800 1366 3849 i)zueudi·

233 3855 285 3903 poid
298 3855 318 3894 Δ
328 3857 352 3898 13
370 3852 504 3894 zuendiboih
517 3852 537 3891 A
546 3852 570 3900 ὃς
588 3851 728 3892 zuentiboloh
742 3851 762 3889 Β
771 3853 790 3890 ³.
856 3851 882 3901 ir)
901 3861 998 3900 quosque
1011 3852 1030 3891 A
1040 3854 1059 3890 1.
1124 3851 1141 3900 l)
1157 3851 1237 3899 gerado
1250 3852 1268 3891 A
1279 3853 1301 3898 13
1318 3861 1366 3900 ger·

233 3905 364 3945 hardoas.
430 3902 461 3953 m)
482 3903 625 3942 intonsas.
690 3901 714 3952 ιι)
737 3901 864 3941 (lethardus
882 3903 907 3940 Α.
977 3903 998 3952 o)
1018 3902 1160 3951 zuendipoldi
1175 3903 1227 3952 A13
1245 3902 1365 3950 decad&

233 3957 375 3995 zuentiboioh
389 3956 438 3994 Β3.
495 3953 518 4004 p)
536 3963 669 4002 ungarorum
684 3954 723 3993 Aa
738 3953 773 4000 (aa
786 3953 928 4001 Ekkeirordo).
986 3953 1008 4002 q)
1025 3954 1109 3994 actibus
1122 3954 1140 3992 A
1151 3958 1169 3992 1.
1184 3954 1235 4002 1323
1253 3957 1296 3993 aot.
1309 3965 1363 3992 sorr.

233 4008 270 4046 iot.
285 4009 305 4046 Β
314 4009 335 4045 1.
384 4008 404 4055 r)
418 4006 475 4054 perit
487 4007 507 4044 Β
517 4008 536 4044 1.
584 4002 605 4055 ι)
619 4006 747 4044 trucidantis
761 4005 811 4053 2413
830 4005 968 4044 trucidantur
979 4006 998 4044 A
1007 4006 1027 4044 3.
1041 4007 1061 4044 Β
1070 4006 1092 4051 3;
1110 4004 1213 4044 trucidati
1226 4006 1239 4044 s
1252 4006 1276 4044 ia
1287 4015 1365 4044 rasura

234 4059 254 4097 Β
264 4061 285 4106 1;
304 4058 438 4096 trucidantes
453 4069 506 4095 corr.
521 4057 639 4095 trucidatis
653 4057 701 4096 ΒΞ.
738 4054 756 4105 t)
770 4056 910 4095 liutunardus
924 4058 943 4095 A
952 4058 975 4102 δι
992 4056 1152 4096 liudnunardus
1166 4057 1185 4095 Β
1194 4059 1214 4095 1.
1228 4057 1248 4095 2.
1282 4056 1306 4106 u)
1318 4066 1365 4095 ver·

234 4109 330 4148 calensis
344 4110 391 4149 Ba.

236 4227 262 4289 1)
285 4225 362 4293 Ooaf.
380 4229 524 4281 Dtimmier
541 4229 605 4293 III,
623 4228 672 4281 501
687 4243 725 4294 sq.
804 4225 830 4291 2)
854 4225 946 4279 Anaia
964 4226 1119 4289 899—900;
1143 4227 1285 4281 Dtmmler
1301 4228 1364 4291 ΙΙΙ,

235 4297 388 4350 ool-oio.
466 4298 493 4360 3)
522 4296 558 4349 Ia
582 4311 679 4362 pagno
702 4313 720 4348 a
742 4295 912 4360 Beraaporio
935 4310 997 4361 repa
1015 4301 1108 4349 contra
1131 4296 1256 4362 coporos
1274 4313 1299 4350 a.
1313 4296 1365 4350 899

235 4363 308 4431 Sept.
323 4365 357 4419 ai
376 4364 415 4418 acl
432 4365 565 4418 Eretriam
583 4364 696 4429 flavium
716 4363 868 4417 curriculosa.
