2978 4950
591 722 971 818 ΑΡΡΕΝΙΙΙΧ.ι

109 1059 190 1126 (882).
294 1044 376 1110 Cum
398 1064 540 1110 essemus
562 1045 653 1110 iuxta
674 1042 808 1111 fluvium
826 1047 927 1113 Aisna
949 1048 983 1111 in
1005 1047 1082 1113 villa
1100 1045 1228 1111 Ritest²
1246 1046 1337 1112 VIII.

103 1153 193 1194 nasa
208 1129 281 1197 Kal.
304 1129 398 1196 Febr.
422 1130 457 1194 in
478 1130 589 1215 vtgilia
611 1133 716 1196 sancti
738 1131 898 1197 Prasiecti
919 1132 1105 1216 marthyris,
1127 1137 1201 1214 post
1223 1132 1339 1197 horam

207 1214 272 1280 diei
301 1235 420 1280 nonam
447 1215 556 1281 subito
583 1216 687 1280 mirae
720 1216 953 1300 magnitudinis
979 1223 1013 1282 et
1039 1216 1220 1301 splendoris
1247 1217 1338 1282 sidus

207 1298 369 1368 emicuit3.
434 1301 527 1379 Quod
562 1300 701 1384 denique
737 1301 851 1367 stellae
890 1302 1055 1368 modulum
1095 1303 1338 1387 supereminens

206 1387 344 1451 excessit
365 1391 399 1450 et
420 1386 499 1451 solis
522 1406 705 1451 mensuram
728 1406 792 1452 non
815 1388 984 1471 conplevit.
1028 1387 1121 1452 Unde
1144 1387 1237 1452 nobis
1254 1387 1338 1452 illud

206 1470 414 1536 cernentibus
444 1471 548 1537 visum
575 1477 625 1536 est
655 1471 819 1537 interdum
848 1469 1089 1539 flammantibus
1117 1472 1220 1538 radiis
1250 1473 1339 1537 ultra

206 1555 337 1621 modum
359 1576 554 1634 excrescere,
576 1555 740 1621 interdum
761 1557 861 1622 nimio
883 1557 1008 1642 pallore
1030 1557 1177 1626 deficere.
1221 1557 1338 1641 Sisque

205 1641 361 1707 variando
383 1641 567 1707 incredibili
587 1641 759 1707 velocitate
780 1642 824 1707 ad
846 1662 998 1708 occasum
1018 1643 1158 1709 tetendit
1178 1665 1216 1708 ac
1233 1645 1337 1708 novis-

206 1727 295 1806 sime,
318 1726 508 1811 priusquam
531 1748 565 1792 se
587 1727 672 1792 inter
693 1728 852 1792 montium
873 1729 1033 1811 ingereret
1053 1728 1166 1794 abdita
1188 1728 1338 1793 obstacu-

205 1812 337 1895 lumque
351 1812 402 1876 sui
415 1832 550 1877 occasus
564 1812 685 1890 nostris
699 1811 866 1877 obtutibus
879 1813 1035 1893 auferret,
1052 1814 1182 1896 penitus
1196 1812 1334 1878 evanuit.

205 1896 273 1961 Neo
295 1896 414 1962 etenim
436 1896 478 1962 ab
500 1918 536 1962 re
559 1897 622 1963 hoo
644 1897 756 1962 stellae
780 1897 907 1981 signum
928 1897 1153 1965 huiuscemodi
1171 1905 1335 1964 ostensum

206 1982 309 2047 conici
330 1987 452 2066 potest:
489 2004 562 2047 oum
587 1987 732 2066 potestas
758 1983 961 2066 quorundam
989 1991 1067 2050 tunc
1089 1983 1212 2066 fulgida
1233 1983 1336 2048 domi-

205 2067 355 2148 nabatur,
377 2069 518 2150 peccatis
537 2075 646 2133 autem
665 2068 924 2151 promerentibus
946 2071 1073 2153 prepeti
1095 2068 1158 2134 fine
1182 2068 1335 2134 deficiens

205 2155 253 2218 ita
275 2154 414 2233 evanuit,
436 2160 473 2218 ut
495 2174 555 2218 nec
577 2153 709 2239 quidem
731 2153 827 2238 digne
850 2155 1025 2220 memoriae
1048 2156 1188 2220 retineat
1228 2206 1237 2222 .

643 2289 918 2370 ALIDER&

106 2404 187 2471 (880).
293 2390 375 2456 Cum
398 2412 433 2456 se
455 2389 645 2455 Ludcwicus
667 2391 855 2474 prosperari
881 2391 1048 2457 estimaret
1073 2391 1107 2455 in
1129 2410 1228 2474 regno
1251 2392 1334 2457 ccci-

205 2476 337 2557 dentali,
366 2476 452 2560 quod
473 2481 551 2542 tuno
573 2474 758 2541 inordinate
780 2477 1023 2558 occupaverat⁴‚
1050 2477 1084 2541 in
1106 2497 1172 2559 qua
1194 2476 1263 2541 eius
1285 2477 1334 2540 in-

202 2563 334 2627 vasione
366 2561 546 2644 saorilegia,
577 2559 763 2639 homicidia,
799 2568 924 2642 stupro,
961 2561 1111 2626 incendia
1141 2567 1333 2645 caeteraque

203 2646 351 2712 inaudita
380 2645 502 2711 scelera
529 2650 718 2729 perpetrata
745 2644 889 2725 fuerant,
919 2650 952 2709 et
977 2646 1029 2710 his
1055 2647 1238 2711 vanissimis
1259 2668 1333 2731 prc-

204 2729 413 2814 speritatibus
451 2730 559 2794 animo
594 2729 817 2812 extolleretur,
847 2730 1010 2796 industria
1043 2732 1239 2816 principum,
1276 2732 1333 2815 qui

203 2836 339 2900 regnum
360 2815 442 2880 illud
463 2822 541 2880 tunc
563 2814 798 2899 gubernabant,
830 2822 922 2881 extra
944 2815 1024 2882 fines
1046 2837 1156 2882 eorum
1178 2817 1332 2883 reductus

204 2908 263 2980 est,
295 2907 393 2984 atque
422 2902 456 2965 in
483 2900 596 2965 eadem
617 2901 811 2981 reversione,
838 2901 994 2967 ammissa
1020 2924 1076 2987 spe
1103 2902 1208 2968 invasi
1229 2904 1332 2985 regni,

203 2987 314 3053 obvios
330 2985 447 3052 habuit
459 2986 688 3067 Nortmannos,
707 3007 779 3052 cum
794 2987 911 3070 quibus
929 2987 1013 3053 bello
1031 2989 1202 3054 commisso
1221 3008 1332 3052 carum

203 3071 348 3155 perdidit
375 3071 500 3136 filium⁵
535 3077 691 3156 mutaque
726 3071 903 3138 afflictione
936 3074 972 3137 in
1007 3072 1170 3139 redeundo
1199 3074 1332 3138 attritus

204 3164 266 3237 est,
297 3163 333 3222 ut
355 3157 424 3242 ipse
447 3163 480 3223 et
501 3157 552 3222 sui
573 3157 627 3222 vix
648 3156 692 3223 ad
717 3159 851 3242 propria
872 3164 1068 3237 remearent3
1099 3179 1138 3224 ao
1160 3156 1275 3223 deinde
1297 3159 1332 3221 in

203 3263 301 3326 regno
320 3264 378 3308 suo
396 3241 563 3308 obstacula
580 3241 813 3326 grassabantur
829 3243 1032 3327 multiplicia,
1051 3250 1148 3328 atquo
1166 3243 1332 3307 inenarra-

204 3327 325 3394 bilibus
360 3326 601 3392 calamitatibus
642 3327 784 3412 undique
825 3328 963 3393 vallatus
997 3328 1333 3410 Nortmannorumque

106 3413 410 3583 (882).prp{ppppp1ipne
439 3413 639 3495 inquietatus
670 3413 759 3478 febre
788 3413 972 3496 arripiturl,
1004 3413 1156 3479 ultimum
1184 3412 1332 3478 emittens

204 3634 227 3686 a)
240 3637 270 3677 itu
284 3635 356 3677 codem
408 3634 432 3685 b)
446 3635 554 3684 arrepltur
567 3646 620 3676 corr.
633 3635 743 3685 arrlpltnr,
757 3637 779 3674 ct
790 3637 839 3676 unte
852 3634 953 3674 ultimum
968 3645 1058 3675 crucum.

205 3738 231 3805 1)
256 3741 305 3794 Ero
323 3739 415 3795 codIce
432 3738 598 3794 Monaceaai
618 3738 686 3793 3851
709 3738 780 3792 inter
801 3739 981 3805 repausans
1004 3738 1053 3791 151
1077 3735 1132 3800 (4⁰)
1155 3750 1239 3789 mauu
1261 3750 1332 3789 saec.

204 3809 259 3862 IX.
280 3807 305 3875 f.
319 3807 375 3870 74⁴,
401 3808 434 3862 de
457 3823 510 3875 qao
532 3805 567 3874 of.
590 3806 759 3870 Mdllevboff
781 3812 806 3861 et
831 3805 959 3871 Schera,
985 3802 1167 3858 ‘Denkmdler
1190 3802 1332 3856 deutacber

204 3877 301 3930 Poena
313 3892 341 3930 u.
359 3876 450 3930 Prusa
463 3891 516 3930 aas
529 3876 555 3928 d.
571 3874 773 3928 VIII-XII.
786 3873 902 3928 Jatrt!
917 3887 947 3938 p.
961 3872 1024 3934 314;
1043 3871 1159 3926 antebac
1176 3871 1217 3923 ed.
1235 3871 1327 3936 Perta,

204 3943 255 3999 SS.
264 3945 326 4009 III,
336 3959 367 4010 p.
376 3944 428 3998 569
440 3946 494 3998 vat
508 3943 547 3998 ad
559 3942 672 3997 Riobera'
683 3941 862 3997 historiarum
880 3942 896 3995 l.
909 3942 931 3994 I
946 3955 968 3994 c.
980 3940 1006 3993 4.
1059 3937 1086 4004 2)
1104 3941 1195 3992 Ιοοιιε
1212 3937 1331 4006 mactus,

206 4017 274 4067 certe
287 4027 342 4065 aon
355 4011 459 4078 Rbetel,
477 4012 510 4066 de
523 4026 575 4079 quo
588 4010 819 4078 Praeceptum.
870 4006 897 4073 3)
916 4007 959 4071 Of.
972 4008 1075 4061 Ausul.
1089 4007 1221 4061 Fuldeaa
1241 4024 1266 4061 a.
1280 4008 1332 4062 882

204 4078 266 4143 (SS.
279 4080 306 4146 1,
323 4079 395 4143 395).
464 4079 492 4145 4)
513 4080 545 4134 V.
563 4077 714 4146 Repiaonta
733 4077 875 4132 chronicon
893 4092 919 4129 a.
932 4075 991 4128 879.
1061 4073 1088 4140 5)
1106 4075 1259 4143 Huponem.
