2978 4950
416 376 666 434 CONTINUATIO
684 374 892 432 REGINONIS.
926 376 959 432 A.
973 381 1033 434 962.
1239 381 1290 436 173

159 530 279 595 honore
302 528 410 594 debito
433 530 486 592 in*
508 527 621 593 urbem
643 529 860 594 intromittunt
882 549 980 612 seque
1001 550 1059 614 per
1080 530 1188 594 omnia
1206 531 1292 597 datis

160 613 327 680 obsidibus
340 614 429 678 illius
442 612 559 678 ditioni
572 613 778 697 subiungunt.
807 614 985 698 Imperator
993 635 1067 680 vero
1079 615 1290 698 plurimorum
1304 633 1367 685 (nov.
1377 634 1407 689 e).

159 700 382 783 episcoporum
413 698 549 764 collecta
583 698 790 764 multitudine
826 699 976 766 sinodum
1010 699 1223 765 coadunavit¹
1258 711 1292 766 et

160 785 292 850 consilio
315 803 425 848 eorum
446 784 548 848 missa
568 783 728 866 legatione
750 785 905 849 canonica
923 786 1119 851 auctoritate
1136 785 1291 868 aufugam

160 869 374 952 apostolicum
397 868 439 932 ad
462 868 571 933 sedem
592 867 811 950 pontificalem
833 877 865 934 et
886 869 1098 952 apostolicam
1120 873 1289 937 revocavit.

160 956 221 1021 Illo
247 961 356 1019 tamen
382 953 442 1018 hoo
469 952 664 1019 omnimodis
690 959 844 1019 renuente
870 953 962 1037 plebs
984 955 1129 1020 Romana
1150 955 1291 1021 Leonem

40 1062 145 1114 *aare
160 1039 470 1125 protoscriniarium,
490 1038 595 1103 virum
613 1039 820 1103 strennuumb
839 1043 872 1102 et
888 1037 1106 1119 industrium,
1129 1042 1291 1107 communi

159 1145 315 1192 consensu
336 1124 371 1188 in
392 1123 499 1189 locum
520 1124 589 1188 eius
612 1124 710 1205 elegit
732 1129 765 1188 et
787 1123 960 1202 ordinavit3
984 1124 1038 1188 cui
1060 1124 1174 1190 sinodo
1192 1127 1290 1191 inter·

158 1211 289 1276 fuerunt
315 1228 424 1274 omnes
449 1219 568 1292 prope⁰
593 1207 770 1275 Romaniae
798 1215 830 1274 et
851 1209 967 1274 Italiae
990 1209 1147 1293 episcopi,
1174 1211 1290 1293 Angel-

159 1294 287 1363 fredus‘1
300 1294 401 1359 etiam
416 1293 631 1376 Aquileiensis
644 1294 840 1379 patriarcha,
859 1295 916 1376 qui
928 1299 1005 1359 tunc
1019 1295 1174 1379 temporis
1192 1296 1291 1360 etiam

159 1380 279 1446 ibidem
302 1378 396 1459 obiit3
423 1377 481 1443 sed
503 1377 596 1443 etde
617 1378 820 1444 nostratibus
847 1379 1082 1445 interfuerunt⁰
1102 1379 1290 1462 Adaldagus

160 1471 193 1531 et
211 1464 382 1530 Heinrious
400 1463 634 1548 archiepiscopi
641 1463 665 1543 ²,
683 1463 895 1530 Lantwardus
913 1470 946 1529 et
960 1464 1097 1548 Otgerus
1115 1463 1290 1548 episcopi3.

245 1550 363 1614 Postea
383 1547 552 1628 Iohannes,
579 1549 692 1630 quiet
715 1549 924 1629 Octavianus,
952 1549 1064 1614 videns
1086 1570 1121 1615 se
1144 1570 1214 1614 esse
1236 1548 1290 1614 de·

159 1635 316 1718 positum,
343 1655 416 1699 sera
436 1634 635 1717 poenitentia
657 1634 773 1701 ductus
795 1633 838 1700 ab
861 1633 1052 1700 Adalbertof
1081 1634 1289 1718 disiungitur3

160 1718 356 1785 Adalbertus
376 1739 451 1785 vero
474 1720 508 1784 in
530 1717 693 1784 Corsicam
714 1721 895 1786 revertitur.
944 1720 1067 1786 Eodem
1093 1739 1178 1785 anno
1202 1718 1291 1784 Gard

160 1805 330 1871 castellum
353 1805 387 1869 in
408 1804 506 1870 Itaha
529 1805 666 1886 capitur.

246 1889 361 1975 Apud⁸
390 1911 448 1954 nos
479 1910 605 1974 quoque
637 1889 758 1970 Sclavi,
789 1889 845 1973 qui
877 1889 1031 1955 dicuntur
1061 1889 1240 1955 Lusizaniss‘
1248 1887 1290 1968 ·4,

161 1974 356 2044 subduntur.
682 2054 755 2130 964

245 2158 520 2225 DOCOCLXIIII.
535 2160 712 2243 imperator
725 2159 824 2222 Rome
842 2159 951 2224 natale
964 2159 1093 2223 Domini
1106 2158 1289 2227 celebravit.
1309 2171 1360 2226 963
1372 2178 1427 2219 Dee·
1436 2177 1471 2218 2⁵.

160 2246 376 2327 Berengarius
399 2265 472 2309 cum
496 2244 563 2309 suis
585 2245 619 2307 in
642 2248 752 2309 monte
779 2244 884 2308 sancti
905 2244 1024 2308 Leonis
1051 2243 1202 2309 obsessus
1223 2246 1292 2309 vin-

161 2331 245 2396 citur
272 2334 304 2394 et
329 2329 365 2394 id
391 2329 497 2413 ipsum
523 2327 692 2394 castellum
713 2328 920 2411 imperatoris
943 2327 1058 2393 ditioni
1085 2327 1236 2393 subditur
1259 2335 1291 2393 et

159 2415 373 2498 Berengarius
391 2433 463 2479 cum
479 2412 576 2478 Willa
593 2413 627 2476 in
640 2412 821 2478 Bawariam
837 2413 987 2479 mittitur.
1018 2413 1156 2478 Romani
1172 2413 1290 2478 iterum
1308 2422 1366 2478 964.

160 2499 203 2565 ab
216 2500 411 2584 imperatore
424 2498 520 2564 solito
534 2517 624 2563 more
637 2497 822 2564 deficientes
835 2497 1002 2584 pluribush
1018 2497 1092 2562 aliis
1105 2497 1291 2564 castellanis

161 2584 238 2650 sibi¹
267 2605 325 2668 per
351 2584 606 2649 coniurationem
633 2584 832 2649 extrinsecus
858 2582 1022 2649 adiunctis
1049 2603 1122 2648 eum
1145 2583 1291 2648 occidere

159 2670 361 2749 nitebantur3
384 2669 441 2735 sed
459 2668 587 2734 insidiis
605 2689 716 2734 eorum
732 2668 904 2753 patefactis
922 2669 1032 2734 eodem
1051 2667 1112 2746 die,
1136 2688 1199 2751 quo
1217 2689 1291 2734 eum

161 2754 347 2839 extinguere
368 2753 613 2832 moliebantur¹,
639 2775 750 2820 necem
772 2753 834 2819 sibi
855 2759 1002 2838 paratam
1025 2754 1208 2838 anticipans
1230 2754 1289 2819 III.

160 2839 241 2906 Non.
268 2840 413 2905 Ianuarii
443 2859 514 2904 cum
542 2839 748 2921 paucissimis
777 2858 907 2903 suorum
936 2858 990 2904 eos
1018 2839 1136 2904 invasit
1163 2845 1197 2904 et
1225 2859 1290 2903 non
1302 2855 1350 2899 1211.
1358 2856 1378 2895 a

160 2924 319 2990 modioam
340 2924 471 2988 illorum
492 2923 732 2988 multitudinem
754 2922 840 2988 infra
861 2942 972 2987 muros
993 2923 1084 2988 urbis
1105 2925 1291 3004 prostravit.

161 3009 220 3074 Die
241 3029 316 3074 vero
344 3008 492 3091 sequenti
513 3008 652 3073 Romani
678 3008 798 3071 iterum
818 3007 980 3071 venientes
1006 3013 1135 3072 centum
1161 3007 1290 3074 obsides
1303 3026 1350 3065 1211·
1360 3026 1382 3065 4·

161 3093 320 3159 dederunt
341 3098 374 3157 et
395 3112 494 3176 supra
516 3111 631 3174 corpus
654 3091 760 3157 sancti
777 3091 865 3156 Petri
884 3090 944 3156 sub
962 3091 1170 3157 iureiurando
1189 3092 1291 3157 fideli-

161 3184 262 3244 tatem
284 3177 474 3262 imperatori
497 3182 530 3241 et
550 3197 654 3261 papae
675 3176 902 3260 promiserunt.

246 3263 336 3328 Tunc
349 3262 525 3347 imperator
541 3262 638 3344 plena
651 3261 755 3326 adhuc
770 3260 951 3327 ebdomada
967 3259 1053 3345 apud
1067 3260 1143 3326 illos
1156 3281 1291 3326 manens

161 3346 380 3431 Spolitanum¹
401 3346 554 3412 ducatum
576 3352 610 3412 et
628 3346 832 3412 Camerinum
855 3344 1062 3411 ordinaturus
1084 3346 1183 3411 exivit
1200 3351 1232 3410 et
1249 3346 1291 3411 ad

160 3452 272 3516 preces
300 3451 405 3514 papae
432 3431 550 3497 Leonis
579 3431 707 3496 obsides
734 3431 890 3496 Romanis
918 3430 1056 3498 remisit:
1085 3430 1202 3514 quibus
1228 3429 1290 3514 ipsi

162 3516 326 3582 beneficiis
340 3517 462 3600 ingrati
475 3537 537 3581 non
547 3515 641 3600 longe
650 3516 706 3581 illo
716 3514 757 3580 ab
767 3517 847 3580 urbe
857 3514 981 3580 adhuo⁸
989 3515 1095 3597 posito
1105 3515 1291 3593 Iohannem,

162 3603 219 3686 qui
241 3607 274 3666 et
295 3601 503 3680 Octavianus,
530 3600 604 3665 urbi
630 3601 851 3666 intromittunt
872 3605 905 3665 et
929 3598 1025 3664 fidem
1047 3600 1236 3683 imperatori
1258 3608 1291 3664 et

161 3706 264 3772 papae
278 3688 472 3768 promissam
486 3684 684 3749 adnichilare
697 3705 761 3750 non
774 3690 930 3752 metuunt.
960 3683 1025 3750 Leo
1043 3704 1117 3748 vero
1134 3704 1220 3766 papa
1236 3684 1291 3748 vix

163 3793 236 3837 cum
256 3771 369 3855 paucis
391 3769 582 3836 facultatum
604 3769 747 3835 omnium
768 3769 874 3834 nudus
897 3769 999 3834 evasit
1016 3776 1048 3833 et
1064 3769 1290 3850 imperatorem

162 3856 195 3920 in
218 3854 388 3921 Camerino
416 3854 537 3920 ducatu
557 3855 698 3938 positum
725 3854 808 3920 adiit
829 3854 938 3937 ibique
963 3852 1086 3937 pascha
1107 3853 1289 3919 celebravit.

162 4005 186 4055 a)
205 4006 260 4046 deest
274 4007 320 4048 Al.
382 4006 406 4060 b)
425 4011 538 4048 shsnuum
555 4008 575 4047 A
585 4010 604 4048 1.
666 4004 687 4057 c)
704 4015 761 4057 pene
778 4007 825 4046 At.
887 4005 911 4056 d)
928 4005 1003 4055 angel·
1021 4017 1075 4046 corr.
1093 4004 1228 4054 enrelffldus
1240 4005 1289 4046 Aa.

162 4057 184 4107 e)
197 4057 314 4097 adfuerunt
327 4058 346 4097 A
355 4060 375 4100 ³.
411 4058 513 4107 sladelb.
527 4058 547 4098 A
556 4060 575 4099 t.
616 4057 639 4108 g)
651 4056 868 4107 apud-subduntur
880 4057 958 4098 desunt
970 4056 990 4096 A
999 4058 1019 4096 3.
1058 4056 1088 4108 gs)
1101 4057 1228 4097 renarrant
1241 4057 1260 4096 A
1269 4059 1289 4097 1.

163 4111 188 4163 h)
201 4108 303 4158 plurimis
315 4109 335 4148 A
343 4110 363 4149 3.
416 4110 434 4162 1)
447 4110 503 4151 dccet
516 4110 564 4150 Ab.
617 4109 643 4156 k)
657 4109 728 4148 moliti
741 4111 793 4148 sunt
805 4108 853 4149 Aa.
907 4108 925 4158 1)
939 4108 1074 4157 spoletinum
1087 4107 1107 4147 A
1116 4111 1136 4148 1.

164 4226 190 4289 1)
218 4228 263 4281 De
286 4243 341 4296 qua
366 4225 401 4293 of.
422 4228 567 4283 Dammler
590 4227 752 4283 scs-354.
839 4226 866 4291 2)
892 4227 1051 4282 Bremeasts
1072 4233 1097 4283 et
1119 4227 1291 4282 Treoeseasaa

163 4294 362 4427 gbfflgtitttzdgr
430 4294 457 4359 3)
488 4296 644 4351 Mindansis
675 4295 849 4361 (958-969)
882 4300 908 4349 et
937 4295 1075 4363 Spirensis
1106 4293 1290 4360 (ael-970).
