2978 4950
257 260 296 317 VI
604 259 802 316 REGINONIS
820 258 1036 316 CHRONICON.

255 415 432 499 praviorem
453 414 609 477 Karobunr
635 436 735 499 repens
758 413 919 477 Franciac
946 415 1146 478 occidentalis
1161 415 1267 498 fuisse
1289 415 1387 478 Hart-

255 516 352 601 tunpl
382 526 473 594 recte,
502 517 538 580 ni
558 515 676 600 folior,
692 516 879 598 'suspicatus
906 526 958 583 est.
1003 517 1088 579 Narn
1118 517 1188 579 iicet
1217 517 1387 579 Tritbernic

254 617 433 702 pie-rumque
453 641 557 702 parua
569 618 653 700 fides
674 617 817 680 babendo
839 617 894 697 sit,
922 627 1023 681 tarneu
1046 640 1098 696 ca,
1127 640 1205 701 qrrae
1231 620 1266 680 in
1291 618 1384 682 Obro-

255 719 326 782 nico
357 718 580 803 Hirsaupiensi
614 719 738 798 scribit,
769 719 959 802 Repinonenr
990 719 1132 783 iussione
1162 717 1270 783 Caroli
1300 720 1387 802 regis

256 818 427 884 Gallorum
448 840 468 884 e
491 840 551 884 sua
573 819 730 902 dignitate
752 820 923 904 depositum
945 842 1018 898 esse,
1041 819 1128 902 quod
1150 841 1223 884 cum
1244 821 1387 904 Ruperto

256 921 336 986 duce
354 920 480 986 Galliae
495 920 645 1002 Celticae,
664 920 767 986 fratre
785 920 947 1003 quondam
968 920 1096 985 Ottonis
1111 922 1249 1006 (Odanis
1262 925 1283 1002 †
1296 924 1386 1006 898),

255 1025 404 1105 sensisset,
428 1045 449 1086 a
471 1046 542 1088 cero
563 1023 650 1086 baud
671 1024 719 1086 ita
741 1024 829 1108 tonpc
850 1024 993 1086 uidentur
1015 1023 1203 1108 discrepare.
1248 1026 1387 1089 Karobns

254 1126 335 1190 eninr
358 1148 388 1189 a.
403 1125 476 1191 898.
504 1136 612 1189 contra
638 1147 740 1208 repens
763 1125 1021 1190 Zucndrboicburn
1045 1126 1204 1210 profectus
1225 1129 1260 1190 in
1282 1128 1385 1190 reditu

255 1227 419 1290 Rumiarn
436 1228 528 1307 uenit,
549 1227 631 1292 unde
650 1228 694 1292 ad
709 1250 849 1313 popnarn
864 1249 1002 1312 epressus
1018 1250 1125 1310 pacem
1144 1250 1210 1292 eum
1228 1229 1284 1291 iiio
1293 1227 1385 1312 fecit.

257 1327 377 1402 Quodsi
405 1329 528 1414 Repino
556 1339 665 1393 contra
694 1328 847 1392 Karaluns
876 1329 1124 1412 conspiraverat,
1155 1329 1232 1413 quid
1263 1331 1387 1410 mirum,

254 1432 337 1514 quod
358 1454 415 1496 ren
436 1431 585 1515 infestans
608 1431 670 1495 sibi
687 1431 827 1494 abbatem
850 1431 992 1495 sustulit?
1037 1431 1122 1496 Certe
1140 1442 1248 1494 auctor
1265 1432 1387 1496 Karobo

254 1554 316 1596 non
339 1534 385 1596 ita
401 1532 526 1617 fauisse
549 1533 680 1612 ridetur,
701 1532 855 1617 siquidem
875 1542 998 1616 patrem
1019 1533 1086 1596 eius
1103 1555 1141 1598 ca
1159 1534 1269 1618 priore
1290 1556 1387 1598 uasore

256 1633 407 1720 Anspard
428 1633 510 1699 duos
531 1634 652 1700 liberos
671 1633 826 1716 elegantis
848 1631 972 1697 formae
995 1654 1034 1698 ao
1051 1633 1189 1718 ingentis
1208 1635 1306 1698 animi
1324 1636 1386 1699 vir-

255 1739 324 1798 tute
349 1739 532 1816 prestantes
558 1737 724 1820 suscepisse
759 1758 788 1802 a.
814 1735 886 1800 878.
918 1746 1045 1812 narrat,
1073 1736 1112 1801 de
1138 1735 1257 1801 Karobo
1285 1747 1386 1802 autern

254 1836 370 1900 ibidem
391 1838 475 1901 nibil
496 1838 575 1901 dicit
597 1838 661 1902 nisi
682 1839 771 1901 baec:
805 1837 899 1901 enixa
922 1840 972 1900 est
994 1836 1213 1924 (Adabbcidis)
1240 1858 1385 1921 puerum,

255 1938 308 2002 oui
338 1959 454 2003 nomen
490 1940 541 2004 avi
575 1939 729 2024 imposuit
765 1959 902 2021 eumque
942 1937 1093 2004 Gerolum
1128 1939 1264 2004 voc-iteri
1299 1938 1385 2004 fecii.

254 2041 445 2104 Ricbariurn
473 2051 574 2105 autem
602 2041 637 2104 in
664 2041 773 2126 pratia
801 2041 942 2106 marcisae
971 2064 1040 2105 cum
1069 2042 1186 2107 Karolo
1207 2042 1313 2127 fuisse
1340 2043 1387 2105 nel

255 2143 326 2207 iude
349 2153 492 2227 apparet,
515 2143 598 2226 quod
617 2154 724 2228 postea
746 2166 775 2208 a.
796 2145 868 2209 922.
896 2145 1057 2229 episcopus
1081 2144 1259 2209 Lecdiensis
1274 2143 1386 2228 factus

256 2255 299 2308 est
320 2245 474 2309 Fotcnino
501 2243 594 2309 teste²
621 2245 705 2311 dono
733 2250 767 2310 et
793 2265 951 2310 consensu
974 2244 1083 2311 Caroli
1109 2247 1195 2330 regis
1217 2246 1387 2328 expetitus.

340 2347 463 2430 Repino
481 2347 617 2411 Prumia
638 2349 748 2412 eiectus
770 2349 916 2412 Treveros
938 2371 969 2412 se
991 2348 1129 2428 contulit,
1153 2348 1206 2412 ubi
1227 2348 1387 2411 abbatiam

257 2447 288 2514 S.
309 2448 459 2528 Martini,
482 2469 554 2512 oum
577 2449 665 2514 senio
687 2453 773 2517 esset
795 2448 888 2533 lapsa
912 2453 945 2514 et
965 2450 1146 2514 vastatione
1168 2449 1387 2514 Normanniea

254 2569 327 2613 oum
353 2549 425 2630 ipsa
452 2549 582 2614 civitate
609 2570 778 2630 succensa,
806 2570 826 2614 a
852 2549 1009 2616 Rabbodo
1032 2550 1211 2615 Trevirensi
1235 2551 1386 2632 episcopo

253 2649 410 2732 Reginoni
434 2648 557 2731 abbati,
580 2651 732 2733 religioso
755 2651 884 2716 cuidem
911 2657 944 2717 et
965 2652 1186 2717 ecclesiastico
1208 2653 1276 2717 viro
1301 2673 1387 2717 som-

253 2752 386 2816 missam
407 2756 439 2816 et
456 2751 499 2816 eb
518 2773 556 2817 eo
579 2753 612 2815 in
634 2754 806 2835 pristinum
829 2758 950 2819 statum
968 2758 1154 2836 reparatam
1176 2777 1238 2819 esse
1260 2755 1294 2818 in
1315 2755 1386 2817 Vita

254 2851 287 2918 S.
302 2854 482 2940 Mapnerici
500 2852 575 2938 (SS.
597 2854 687 2935 VIII,
706 2855 783 2943 208)
808 2856 945 2941 lapissus.
994 2855 1053 2920 Oui
1070 2856 1214 2920 ecclesiae
1232 2858 1386 2941 usquead

252 2965 379 3020 mortem
392 2955 515 3037 videtur
525 2954 703 3040 praefuisse
708 2980 721 3038 ;
743 2981 816 3021 nans
831 2959 937 3022 eodem
961 2958 1031 3021 Vita
1054 2956 1204 3022 defuncto
1223 2957 1386 3039 Reginone

252 3057 372 3123 abbate
393 3081 461 3122 eam
483 3058 576 3123 laicis
598 3059 632 3123 in
653 3058 844 3125 beneficium
867 3058 977 3124 datam
1000 3080 1069 3124 esse
1091 3059 1197 3144 refert.
1218 3113 1219 3117 ,
1242 3059 1386 3143 Sepultus

251 3170 355 3224 tamen
377 3170 420 3224 est
442 3183 472 3222 a.
492 3162 565 3226 915.
592 3161 627 3223 in
649 3164 835 3226 monasterio
858 3161 891 3227 S.
910 3162 1086 3226 Maximini
1111 3162 1305 3238 Trevercnsi,
1331 3160 1385 3222 ubi

254 3262 339 3346 lapis
361 3284 430 3325 curn
451 3263 501 3325 bis
524 3263 685 3347 inscriptis
707 3263 844 3328 versibus
865 3287 895 3327 a.
918 3265 1010 3331 1581.
1033 3272 1173 3348 repertus
1194 3260 1273 3326 est3:

296 3415 534 3430 ........
558 3363 700 3430 FESSA
721 3354 968 3432 REGINONIS
992 3363 1215 3432 CONTINE'P
1240 3362 1356 3430 OSSA.

354 3465 501 3531 ABBAS
525 3464 766 3534 EGREGIUS.
802 3467 1034 3534 PRAEFUIT
1056 3466 1158 3532 IPSE
1180 3466 1290 3532 PIUS.

295 3566 756 3753 Gobbgidfflffiffl
770 3566 1018 3635 PRUMIENSI
1031 3566 1231 3634 MORIBUS
1245 3567 1383 3633 ALMIS

917 3908 923 3921 .
949 3909 955 3922 .
981 3908 987 3921 .
1013 3854 1040 3921 0
1064 3855 1279 3921 Dooccxv.

249 3993 275 4058 1)
294 3991 502 4063 ‘Forscbunpsn
519 4010 544 4049 s.
557 3997 714 4051 Deutsclren
728 3994 894 4052 Geschicbts'
910 3993 1029 4057 XVIII,
1047 3991 1174 4047 361-68.
1250 3992 1276 4058 2)
1296 3992 1382 4049 Gesta

250 4079 379 4134 abbatum
397 4079 581 4147 chieusium,
605 4081 653 4136 SS.
667 4082 721 4148 IV,
739 4084 781 4146 63,
800 4097 822 4136 o.
838 4083 878 4136 19.
947 4075 974 4141 3)
993 4075 1173 4141 Eckbausen,
1197 4075 1315 4133 curonis
1332 4095 1384 4133 van

249 4162 288 4218 St.
303 4163 452 4218 Maaisus‘n'
474 4164 558 4226 (tiber
575 4181 660 4220 manu
677 4167 824 4233 scriptus),⁸
850 4165 914 4218 inda
932 4159 1091 4215 ‘Tricriscbc
1109 4159 1239 4215 Chronib'
1263 4163 1295 4228 V,
1315 4180 1344 4232 p.
1359 4166 1384 4229 7,

248 4249 379 4302 Ermiscb
396 4249 412 4301 l.
427 4250 443 4302 l.
462 4250 487 4303 8.
