2978 4950
462 401 660 459 REGINONIS
679 401 896 459 CHRONICON.
1200 405 1240 458 lx

199 556 228 619 4.
264 556 380 620 bullam
394 579 500 642 papae
518 558 648 621 Nicolai
665 558 737 624 866.
756 555 826 624 Iun.
848 556 895 622 13.
921 557 1039 637 datam,
1057 579 1119 640 qua
1135 555 1241 621 Wald·

113 658 198 722 rada
219 659 540 740 eacommunicatur¹;

199 761 229 826 5.
265 761 431 845 epistulam
451 784 555 846 papae
577 761 707 826 Nicolsu
727 762 772 825 ad
792 784 894 846 nepem
915 759 1099 825 Lotlzam‘um
1121 783 1152 824 a.
1167 760 1239 827 867.

114 861 280 943 missam²,·

199 967 228 1031 6.
264 964 428 1048 epistulam
459 965 542 1049 repis
572 964 719 1028 Lotlsarii
747 965 791 1028 ad
819 987 938 1050 papam
971 964 1173 1029 Hadrianum
1195 965 1240 1029 II.

114 1090 144 1132 a.
162 1067 233 1133 868.
257 1065 423 1147 6663366663,

200 1173 228 1235 7.
265 1168 431 1253 epistulam
451 1189 556 1253 papae
577 1166 708 1231 M'colai
728 1168 772 1231 ad
793 1170 950 1254 episcopos
971 1168 1061 1253 repni
1082 1168 1243 1234 Ludoaici

115 1271 186 1336 867.
216 1270 279 1335 Oct.
299 1272 349 1334 31.
374 1267 521 1349 elatam4;
548 1267 688 1352 sortasse
710 1270 804 1333 etiam

202 1373 230 1436 8.
266 1371 430 1456 epistulam
461 1371 619 1455 quandam
655 1371 847 1456 Thietpaudi
876 1381 904 1436 et
937 1371 1110 1435 Guntlearii
1140 1372 1242 1436 arelzi-

114 1475 327 1559 episcoporum
362 1473 570 1556 depositorum
604 1494 634 1539 a.
662 1473 734 1538 863.
771 1476 814 1539 ad
849 1475 1067 1557 imperatorem
1099 1473 1243 1539 ludowi-

114 1599 183 1638 cum
202 1576 246 1640 II.
269 1577 387 1654 datam,
410 1597 488 1658 quae
509 1596 570 1637 non
592 1575 657 1638 iam
680 1586 789 1640 castet.

199 1677 366 1741 Praeterea
384 1677 428 1740 ad
441 1699 470 1744 a.
490 1677 552 1741 888
566 1687 594 1741 et
608 1678 679 1744 889.
703 1679 825 1763 Repino
838 1701 853 1742 e
867 1679 983 1743 Iustini
995 1680 1066 1764 epit.
1082 1679 1127 1758 Il,
1143 1680 1236 1758 9-3,

115 1779 211 1859 XIII,
227 1784 254 1846 1.
271 1782 290 1843 2
308 1791 336 1844 et
357 1778 445 1861 XLI,
460 1781 544 1844 2-3
567 1791 595 1844 et
617 1802 655 1845 ecc
676 1780 774 1844 Pauli
796 1781 935 1846 Diaconi
956 1782 1026 1846 leist.
1046 1780 1147 1866 Lnnp.
1171 1781 1197 1863 I,
1223 1786 1237 1846 1

114 1882 265 1947 recunulla
293 1882 397 1946 attulit
405 1883 429 1962 ⁵,
460 1904 552 1966 quae,
585 1904 771 1967 quamquam
797 1885 841 1946 ool
864 1883 994 1968 Scptlas
1016 1892 1044 1946 et
1068 1881 1242 1947 Germanae

114 1995 259 2070 spectant,
283 1994 385 2048 tamen
407 1984 452 2046 acl
479 1985 621 2069 Unparos
642 1987 801 2049 convenire
823 1987 853 2049 ei
874 1985 1068 2051 uidebantur.

201 2087 271 2150 Hac
292 2087 412 2150 testium
436 2087 616 2171 locupletam
637 2087 771 2171 penuria
793 2087 871 2150 satis
888 2086 1079 2166 declaratur,
1101 2086 1199 2150 multa
1222 2110 1243 2150 a

114 2191 289 2274 Repinone,
319 2211 388 2251 cum
402 2189 527 2273 ⁸paucis
555 2189 649 2251 annis
677 2199 706 2252 et
732 2210 795 2252 uno
817 2190 908 2273 quasi
933 2187 1057 2253 tenore⁶
1078 2211 1154 2274 opus
1174 2212 1243 2273 per-

106 2293 224 2374 ficeret,
250 2313 287 2352 cue
309 2289 444 2353 arbitrio
466 2290 559 2352 aunis
585 2311 647 2351 non
668 2291 733 2354 suis
753 2290 923 2375 adsipnata
945 2313 1007 2355 6336
1028 2292 1154 2374 ideoque
1176 2313 1243 2354 eum

115 2394 158 2455 od
180 2415 249 2456 suos
266 2391 341 2474 fere
362 2414 457 2475 usque
478 2391 546 2455 dies
571 2401 741 2476 temporum
764 2393 904 2456 ordinem
926 2394 1005 2457 mire
1026 2393 1194 2478 nepleecisse
1216 2403 1244 2456 et

115 2493 321 2577 confudisse7.

204 2596 340 2660 Ceterum
362 2596 399 2660 de
422 2596 568 2660 laudibus
593 2597 684 2661 huius
699 2598 837 2661 chronici
854 2597 937 2683 conf.
955 2598 1134 2662 Dammleri
1152 2620 1244 2682 prae-

108 2699 267 2784 fationem
288 2700 333 2762 ad
353 2701 523 2764 versionem
544 2700 610 2763 eius
632 2698 829 2781 thiudiscam,
850 2701 985 2764 eiusdem
1008 2701 1122 2786 ‘Ostfm
1138 2700 1245 2764 Reicls'

115 2799 183 2883 III,
207 2803 452 2883 6560666331.
475 2802 531 2866 ll.
555 2803 677 2880 6-13,
705 2803 901 2867 Watteabacl
923 2803 1161 2867 ‘Deutsclzlancls
1186 2800 1244 2866 Ge·

115 2906 374 2990 sclicltsqucllen’
406 2905 441 2968 ⁵1
445 2956 452 2985 ,
477 2905 668 2983 243-246,
699 2905 807 2989 quibus
829 2928 883 2990 epo
910 2905 992 2968 nihil
1022 2905 1131 2984 labeo,
1162 2904 1244 2988 quod

115 3008 242 3070 addam.

204 3110 472 3173 Continuationem
489 3108 671 3192 Repinonis,
689 3130 767 3192 quae
786 3108 824 3171 ab
842 3130 872 3170 a.
892 3110 963 3174 907.
982 3131 1074 3192 usque
1093 3108 1242 3190 adfinem

116 3234 144 3274 u.
163 3211 234 3275 967.
249 3211 439 3296 porripitur,
459 3233 480 3272 a
497 3210 644 3273 monacho
663 3211 795 3294 quodam
809 3209 843 3277 S.
857 3211 1033 3274 Maccimiai
1052 3209 1245 3274 Treuerensis

116 3315 321 3399 conscriptam
344 3335 405 3376 esse
427 3313 493 3375 iam
511 3312 602 3376 Perte
624 3313 659 3374 in
679 3311 879 3396 praefatione
896 3313 1043 3376 editionis
1060 3334 1133 3376 suae
1151 3321 1245 3375 ostem

116 3417 178 3496 dit,
205 3439 271 3478 cum
294 3424 402 3479 auctor
424 3437 473 3479 res
495 3414 583 3477 illius
605 3415 786 3478 monasterii
811 3415 873 3478 sibi
894 3437 986 3478 curae
1008 3437 1070 3479 6336
1096 3416 1175 3478 satis
1196 3415 1245 3478 de·

116 3528 261 3582 monstret
286 3528 313 3580 et
339 3516 505 3580 Adalberti
530 3517 673 3579 monachi
700 3515 893 3581 Treuerensis
912 3516 1144 3602 familiaritate
1172 3539 1245 3607 usus

116 3644 178 3685 6336
205 3622 355 3685 uideatur.
401 3621 509 3704 Ipsum
538 3642 608 3682 vero
638 3618 843 3682 Adalbertum
869 3619 972 3698 illum,
1002 3620 1058 3705 qui
1085 3619 1245 3704 usquead

117 3747 145 3786 a.
168 3725 240 3789 961.
269 3722 434 3786 monachus
465 3719 498 3787 8.
517 3721 693 3785 Maecimini
714 3721 797 3806 fuit,
828 3745 858 3786 a.
878 3721 950 3788 961.
980 3723 1141 3806 episcopus
1163 3723 1244 3785 Rus-

116 3849 221 3889 sorum
253 3825 418 3888 ordinatus
448 3834 505 3904 est,
534 3825 632 3908 paulo
661 3835 731 3908 post
760 3847 898 3889 reuersus
929 3848 958 3891 a.
980 3826 1052 3891 966.
1086 3826 1244 3889 abbatiam

117 3981 143 4046 1)
162 3981 260 4033 Mansi
273 3979 337 4045 XV,
355 3978 500 4033 380-389.
569 3979 596 4043 2)
616 3981 714 4034 Mami
726 3981 791 4047 XV,
810 3981 954 4035 321—324.
1023 3981 1050 4045 3)
1069 3983 1168 4036 Mami
1180 3981 1244 4048 XV,

115 4065 261 4120 831-832.
329 4062 356 4128 4)
376 4064 475 4118 Mansi
488 4064 554 4130 XV,
572 4067 717 4120 333-342.
786 4065 813 4130 5)
833 4064 875 4130 Of.
894 4067 928 4120 F.
943 4066 1018 4120 Ram
1040 4067 1102 4121 ‘Die
1122 4066 1243 4121 9660666-

116 4156 183 4218 tuna
196 4150 244 4204 des
258 4150 382 4205 Iustinus
395 4150 433 4204 im
446 4149 624 4216 Mlttetaltcr',
638 4150 752 4217 Lcipeip
766 4151 842 4216 1871,
851 4167 881 4218 p.
896 4151 1005 4204 12-14.
1067 4152 1094 4217 6)
1112 4150 1154 4215 Cf.
1167 4153 1244 4215 iufra

117 4252 204 4290 anuos
217 4236 268 4290 818
279 4252 308 4302 p.
319 4236 360 4302 73,
379 4237 429 4290 866
438 4252 469 4303 p.
478 4238 521 4298 90,
538 4238 590 4291 868
600 4253 629 4303 p.
640 4235 681 4301 94,
700 4236 750 4290 875
764 4253 799 4308 p.v
810 4235 868 4302 110,
891 4237 942 4291 880
951 4253 981 4304 p.
997 4237 1056 4304 117,
1074 4239 1125 4292 888
1140 4253 1169 4304 p.
1183 4237 1242 4302 130,

116 4321 166 4375 892
182 4337 211 4387 p.
226 4320 283 4374 139.
353 4319 379 4384 7)
398 4321 442 4375 De
454 4338 510 4390 qua
527 4337 556 4375 66
573 4320 608 4385 cf.
623 4323 656 4375 P.
670 4320 778 4386 Selenis,
796 4321 859 4375 ‘Dic
873 4321 990 4376 07663606
1003 4323 1050 4377 des
1063 4323 1166 4392 chino
1184 4335 1242 4373 vom

116 4407 204 4461 Jalne
221 4407 273 4463 813
292 4405 345 4473 an',
364 4407 447 4461 Helle
465 4408 533 4462 1888
550 4407 728 4470 (Dissertatio
745 4408 895 4476 inausum).
