2978 4950
424 430 427 436 ·
458 408 660 495 asdluours
677 408 895 465 CHRONICON.
1175 412 1239 466 XIX

117 563 331 641 differentias,
360 583 443 645 quae
469 561 503 627 in
530 568 674 627 extrema
700 561 834 626 sillabaa
856 561 890 627 iu
915 583 1009 628 versu
1036 564 1140 627 solent
1160 563 1240 643 fieri,

115 654 152 713 ut
174 648 290 712 decens
319 653 351 712 et
372 649 562 713 conveniens
588 647 647 713 fiat
669 647 885 725 concinentia,
913 648 997 712 sicut
1024 670 1044 713 a
1065 648 1240 714 maioribus

116 733 210 798 nobis
236 733 378 799 traditae
406 739 482 798 sunt
509 739 541 798 et
562 735 646 799 sicut
671 735 743 819 ipsa
765 733 949 799 armonicae
976 733 1165 816 disciplinae
1188 756 1240 800 ex-

114 819 275 903 perientia
304 839 364 885 nos
392 819 537 899 instruit,
567 818 726 886 distinctis
756 818 922 884 ordinibus
950 819 1093 884 inserere
1121 821 1240 886 curavi.

117 905 269 970 Adiciunt
290 910 400 970 autem
422 905 554 988 quidam
581 911 614 970 et
635 905 717 970 alias
740 904 925 984 divisiones,
954 926 1036 988 quas
1062 904 1241 988 superfluas

116 1013 185 1055 esse
210 989 422 1055 arbitramur:
459 991 515 1055 sed
537 1011 577 1055 ne
600 1011 620 1055 a
642 990 893 1075 superstitiosisb
915 991 1047 1055 musicis
1069 990 1241 1071 reprehen-

116 1077 239 1154 damur,
262 1096 318 1139 eas
340 1075 454 1140 subtus
472 1081 531 1140 aut
549 1096 647 1157 supra
664 1077 697 1140 in
715 1075 858 1158 margine
876 1074 1032 1140 adnotare
1049 1076 1239 1155 studuimus,

115 1162 212 1245 periti
241 1161 381 1229 cantoris
414 1160 534 1224 iudicio
563 1161 793 1244 relinquentes,
821 1165 930 1224 utrum
959 1180 1013 1225 eas
1042 1162 1240 1226 necessarias

117 1269 158 1311 an
182 1265 397 1328 supervacuas
420 1245 546 1327 opinari
567 1246 653 1312 velit.
697 1244 769 1308 Non
791 1245 895 1309 solum
918 1250 1027 1310 autem
1049 1246 1241 1330 antiphonas

114 1353 174 1415 per
192 1350 352 1413 congruos
370 1335 464 1394 tonos
484 1330 626 1409 distinxi,
649 1349 759 1395 verum
778 1329 876 1394 etiam
893 1329 1046 1396 introitus
1064 1331 1107 1396 ad
1125 1332 1240 1396 missas

117 1424 150 1481 et
181 1415 434 1494 communiones,
465 1436 525 1481 nec
555 1436 621 1485 non
651 1421 684 1482 et
713 1415 930 1498 responsoria,
961 1437 1045 1498 quae
1074 1417 1241 1481 nocturnis

117 1502 207 1565 horis
238 1501 272 1564 in
302 1500 365 1565 Dei
393 1500 489 1565 laude
520 1505 689 1580 canuntur,
721 1499 969 1566 consonantibus
1001 1500 1062 1566 sibi
1092 1508 1241 1567 tonorum

115 1585 343 1652 convenientiis
373 1586 535 1652 associare
564 1607 688 1651 summo
718 1585 827 1650 studio
856 1584 1029 1654 elaboravi.
1056 1623 1100 1634 -
1127 1623 1169 1634 —
1198 1624 1240 1634 -

115 1707 849 1720 ----------
904 1670 968 1736 Sed
999 1673 1064 1736 iam
1095 1672 1240 1754 prolixus

115 1777 219 1822 sermo
237 1755 333 1821 finem
351 1756 557 1840 prestolatur.
602 1756 887 1822 Reverentissime⁰
904 1777 998 1842 papa,
1020 1758 1241 1823 excellentiam

113 1848 254 1908 vestram
284 1863 424 1925 superna
454 1841 655 1926 providentia
689 1843 777 1906 omni
808 1847 939 1907 sanctae
974 1863 1052 1908 suae
1087 1843 1240 1908 ecelesiae

114 1927 318 2012 profuturam
347 1949 405 2010 per
433 1928 535 1993 multa
563 1949 719 1992 annorum
750 1928 913 1992 curricula
942 1927 1136 1993 incolumem
1166 1949 1240 1993 con-

115 2035 242 2079 servare
266 2013 424 2097 dignetur.

117 2132 286 2188 EXPLICIT
304 2132 479 2188 EPISTOLA
497 2135 545 2188 DE
559 2130 750 2187 ARMONICA
763 2132 1030 2190 marmaricus,
1048 2133 1241 2189 INCIPIUN'I

422 2217 514 2274 OCTO
533 2218 621 2272 'PONI
639 2216 799 2272 MUSICAE
818 2216 933 2271 ARTIS.

469 2574 659 2674 11111111
684 2573 892 2673 1111111111

230 2754 283 2827 lo
310 2753 548 2828 1111161111
573 2749 947 2828 lucursrrsooruu
973 2748 1130 2827 mssal

296 3004 435 3059 INCIPIT
454 3003 633 3059 PREPA'I'IO
653 3004 779 3059 OPERIS
798 3004 1071 3070 SUBSEQUENTIS.

204 3121 341 3186 Sanctae
364 3122 587 3204 Mogontiacae
611 3123 696 3187 sedis
717 3123 840 3207 presuli
866 3145 904 3189 ac
927 3124 1027 3188 totius
1049 3122 1241 3188 Germaniae

115 3207 246 3290 primati
281 3205 425 3272 Hathoni
455 3207 576 3290 Regino
612 3213 739 3274 vestrae
774 3209 981 3275 sublimitatis
1016 3208 1241 3273 devotissimus

117 3293 288 3358 clientulus
317 3292 477 3375 presentis
502 3292 588 3357 vitae
613 3295 863 3378 prosperitatem
890 3302 923 3359 et
948 3295 1079 3359 futurae
1101 3293 1240 3358 beatitu-

117 3378 201 3442 dinis
224 3383 296 3442 orat
317 3377 463 3461 gloriam.
509 3377 621 3444 Sciens
638 3380 892 3462 magnitudinem
908 3380 1099 3464 prudentiae
1116 3383 1241 3443 vestrae

116 3486 178 3528 non
205 3464 308 3529 solum
334 3464 426 3527 iuxta
453 3483 618 3528 sacrorum
647 3485 806 3530 canonum
833 3467 1015 3530 sanctiones
1041 3465 1142 3529 totius
1168 3483 1241 3547 pro-

115 3549 235 3613 vintiae
254 3548 503 3613 sollicitudinem
521 3569 641 3632 gerere,
660 3551 882 3616 verumetiam
900 3551 1001 3615 totius
1014 3550 1106 3633 regni
1119 3549 1241 3613 11111116-

116 3635 202 3698 tibus
220 3633 367 3718 pervigili
386 3655 464 3698 cura
481 3634 642 3713 insudare,
662 3636 735 3699 misi
747 3642 873 3700 vestrae
892 3635 1074 3700 celsitudini
1087 3633 1240 3713 libellum,

117 3742 211 3803 quem
235 3720 275 3784 de
295 3718 501 3802 synodalibus
519 3721 625 3785 causis
644 3721 938 3804 aeclesiasticisque
957 3720 1136 3803 disciplinis
1151 3717 1242 3783 iussu

118 3813 151 3870 61
183 3810 292 3870 ortatu
323 3804 431 3870 domni
466 3811 500 3870 et
528 3806 780 3871 reverentissimi
810 3805 973 3871 Rathbodi
1008 3805 1241 3887 archiepiscopi

118 3912 243 3955 summo
272 3912 344 3954 cum
373 3889 481 3956 studio
510 3912 549 3955 ex
576 3891 711 3957 diversis
739 3896 923 3956 sanctorum
944 3894 1075 3974 patrum
1098 3890 1242 3955 conciliis

117 3984 214 4059 atque
233 3976 372 4041 decretis
390 3975 503 4059 collegi
520 3983 618 4060 atque
637 3976 824 4056 coadunavi,
843 3996 908 4040 non
924 3981 1045 4042 temere
1063 3975 1240 4040 arbitratus

118 4112 140 4163 a)
154 4112 227 4154 silllbs
240 4113 286 4152 6661.
346 4112 371 4164 b)
385 4112 568 4163 superstltutiosls
581 4113 628 4154 6661.
679 4113 700 4164 6)
713 4113 906 4153 reverentissimas
919 4113 963 4153 661.

118 4216 144 4281 1)
162 4218 307 4282 Praefatio
324 4218 414 4284 operis
432 4217 465 4270 616
478 4217 656 4286 synodalibus
672 4217 765 4271 666616
779 4216 920 4282 compositi
935 4216 988 4279 (661.
1007 4216 1240 4273 Wasserseblebea

118 4286 197 4348 1840)
224 4287 261 4339 od
285 4285 367 4352 fidem
388 4287 464 4340 66161
484 4286 547 4339 libri
566 4301 652 4340 mauu
673 4286 770 4353 scripti
790 4287 890 4340 66611616
916 4286 1089 4340 bibliothecae
1112 4285 1241 4352 publicae

119 4353 285 4407 Treuireasr's
306 4370 348 4407 ar.
366 4354 429 4416 927,
454 4354 533 4408 cuias
556 4354 722 4408 collationem
743 4353 904 4421 1661661161·
921 4355 954 4409 V.
973 4351 1012 4408 01.
1030 4353 1146 4419 Kraffer
1165 4352 1240 4406 111166

117 4422 193 4475 urbis
211 4422 408 4477 bibliothecarii
423 4422 554 4476 debemus.
