2978 4950
278 330 302 382 X
623 326 823 383 REGINONIS
840 325 1058 383 CHRONIOON.

285 480 595 565 Weissenhurpensene
614 481 741 564 accepit,
763 481 893 564 denique
910 502 939 542 u.
954 481 1026 545 968.
1046 480 1296 563 archiepiscopus
1315 480 1405 563 Map-

276 582 477 667 dehurpensis
497 582 609 664 factus
634 592 662 645 et
683 604 713 647 a.
732 583 803 648 981.
828 591 965 644 mortuus
987 591 1043 659 est,
1069 591 1223 644 auctorem
1246 582 1406 643 continua-

277 683 372 746 tionis
386 681 492 766 fuisse
512 683 558 750 W.
575 685 613 747 de
634 683 846 747 Giesehrcchtl
864 683 910 746 ita
928 682 1069 746 omnihus
1089 682 1242 766 wuaoit,
1264 692 1298 744 ut
1315 681 1407 745 hodie

277 806 364 848 mino
377 783 466 868 fere,
496 795 531 847 ut
551 785 686 864 videtar,
714 785 751 848 cic
777 807 815 848 ea
840 807 873 847 re
900 784 1025 850 dubitet.
1072 782 1161 867 Conf.
1184 784 1348 868 Bttdinper
1370 784 1406 845 in

277 887 414 950 versione
440 886 610 963 thiudisca,
640 885 804 949 Dttmnrher
825 885 909 949 ‘Otto
935 886 965 951 d.
987 885 1109 949 Grosse'
1133 886 1211 965 321,
1239 884 1273 952 J.
1295 885 1405 949 Werra

279 973 379 1051 ‘Uter
400 988 430 1052 d.
458 986 661 1051 Continuator
689 988 871 1073 Repinonis’
896 986 986 1070 (diss.
1018 987 1104 1072 Lips.
1129 988 1227 1071 1883)
1254 988 1338 1053 90-·
1352 990 1406 1066 92,

286 1088 480 1153 Wattenbach
504 1089 524 1154 h.
538 1089 558 1155 l.
582 1089 610 1168 I,
632 1090 705 1154 342.

363 1215 410 1279 De
426 1215 569 1300 sontibus
590 1218 640 1302 epi
663 1217 773 1281 ‘Neues
791 1215 916 1279 Archio'
935 1215 1007 1295 XV,
1025 1216 1211 1281 324-330:
1233 1217 1406 1301 intorques

274 1328 400 1403 praeter
421 1317 561 1383 Annales
578 1319 747 1404 Aupienscs
769 1315 929 1402 (-939)²
950 1319 1100 1403 inprimis
1116 1318 1255 1381 Annales
1277 1317 1407 1402 qnidam

276 1419 445 1484 Falolenses
470 1419 622 1484 breuiores
647 1422 807 1504 usquead
829 1445 859 1488 a.
877 1421 949 1485 939.
972 1431 1027 1484 aut
1047 1420 1143 1505 paulo
1168 1412 1290 1504 loupiac
1310 1421 1406 1502 perti-

278 1532 392 1601 nentes,
425 1523 480 1606 qui
505 1532 614 1606 postea
640 1523 814 1607 perierunt,
846 1534 916 1587 sant
946 1521 1224 1602 commemorandi·
1258 1521 1408 1585 accedunt

278 1623 419 1688 Annales
437 1623 656 1709 ›Sanpallenses
672 1625 806 1690 maiores
820 1623 980 1710 (—918)3
997 1636 1024 1689 ot
1043 1625 1254 1688 Lauhacenses
1272 1624 1407 1707 (-912,

281 1723 339 1791 88.
353 1724 386 1805 I)
392 1748 405 1806 ;
433 1748 508 1789 num
529 1735 655 1810 praeter
677 1728 731 1791 hos
753 1727 940 1791 Adalhertus
962 1728 1095 1811 aliquem
1111 1725 1233 1811 fontem
1255 1747 1336 1788 nuno
1358 1726 1408 1789 la-

278 1837 386 1892 tentem
408 1829 560 1908 hahuerit,
581 1828 706 1892 decerni
727 1829 781 1892 oin
800 1829 943 1914 potuerit.

363 1956 470 2041 Ipsam
485 1956 657 2042 Repinonis
675 1956 838 2020 chronicon
856 1979 923 2019 curu
941 1957 1168 2020 corstinuatione
1186 1955 1293 2018 rnuhtis
1309 1954 1408 2039 scrip-

278 2058 394 2122 toribus
415 2068 587 2143 temporum
604 2059 814 2145 posteriorum
828 2058 908 2144 fons
927 2057 1007 2142 fuit.
1054 2057 1153 2122 Paene
1174 2067 1268 2120 toturn
1290 2067 1409 2120 atrurn-

278 2183 334 2246 que
355 2183 432 2245 opus
452 2171 606 2246 receptum
628 2171 671 2225 est
692 2162 726 2224 in
749 2161 879 2225 annales
900 2161 972 2224 ilios
995 2159 1251 2245 Nienhurpenses,
1276 2160 1330 2244 qui
1352 2159 1408 2221 suh

278 2263 420 2327 Arnoido
442 2262 548 2326 abbate
571 2263 833 2349 Mapdeharpensi
855 2261 1099 2347 (1120-1166)
1128 2271 1157 2324 et
1179 2261 1411 2345 Nienhurpensi

278 2362 523 2449 (1134-1166)
546 2365 715 2449 conscripti
735 2365 877 2427 videntur
894 2387 955 2428 esse
977 2374 1014 2443 et,
1037 2386 1222 2448 quamquam
1241 2363 1304 2447 ipsi
1323 2361 1409 2446 peri-

278 2477 376 2545 erant,
399 2477 502 2530 tamen
524 2489 563 2531 eu
584 2467 755 2530 Annalista
773 2465 896 2530 Sauone
918 2476 945 2529 et
968 2466 1143 2529 Annalibus
1160 2463 1412 2548 Mapohchurpen-

277 2568 372 2647 chus,
394 2569 448 2652 qui
469 2591 519 2633 eos
540 2570 778 2653 exscripserunt,
801 2591 917 2653 mapna
934 2589 973 2632 en
990 2577 1083 2652 parte
1105 2566 1228 2630 restitui
1248 2564 1408 2649 possunt⁴.

279 2671 356 2734 Itern
378 2672 520 2735 chronico
541 2682 569 2734 et
591 2672 817 2735 continuatione
834 2671 886 2735 nei
900 2680 971 2734 sunt
987 2670 1127 2734 Annales
1147 2667 1410 2751 Hersfehdenses5,

279 2773 492 2838 Hcrinranuus
514 2774 682 2860 Aupiensis
704 2772 779 2853 (SS.
801 2771 853 2858 V),
879 2772 948 2837 Otto
966 2772 1181 2857 Frisinpensis
1203 2772 1237 2833 in
1256 2768 1410 2834 Chronico

280 2873 354 2961 (SS.
370 2875 460 2959 XX),
481 2876 635 2961 Mapister
657 2876 740 2940 Pous
758 2875 855 2940 Betae
876 2876 960 2960 repis
982 2875 1124 2938 notarius
1145 2875 1182 2937 de
1204 2873 1296 2958 pestis
1320 2872 1410 2934 Hun-

277 2975 459 3064 paroruur5,
482 2976 622 3042 Annales
640 2965 881 3063 Sahzburpeuses
899 3002 923 3044 c.
942 3000 971 3043 a.
993 2975 1081 3042 1180.
1104 2975 1265 3060 compilati
1282 2984 1309 3038 et
1327 2996 1411 3037 uuna

278 3079 425 3159 arnissi7,
455 3081 522 3145 sola
553 3082 782 3145 continuatione
813 3081 856 3144 ad
886 3103 916 3146 a.
940 3079 1120 3146 933-951
1154 3079 1247 3141 etiam
1281 3077 1411 3142 Casuras

279 3182 354 3266 (SS.
378 3182 453 3267 IX).
498 3184 597 3268 Atque
619 3183 759 3247 Annales
781 3183 1015 3267 Hersfehdenses
1044 3192 1072 3246 ct
1093 3179 1341 3264 Nienhurpenses
1369 3201 1411 3242 en

278 3287 348 3368 ipso
374 3284 476 3347 codice
498 3283 529 3346 A
556 3284 598 3368 (o.
622 3283 729 3367 iufra)
753 3284 897 3347 videntur
922 3286 1074 3362 transisse,
1103 3284 1314 3346 Herirnannus
1334 3279 1411 3364 for·

279 3396 360 3450 tasse
381 3408 419 3449 en
440 3385 636 3449 Einsichhousi
659 3385 726 3470 (Bl
753 3394 781 3448 et
798 3385 878 3468 Aa),
910 3385 979 3450 Otto
1001 3408 1039 3449 esc
1060 3385 1130 3464 Al,
1153 3384 1268 3467 reliqui
1289 3404 1327 3444 cn
1349 3380 1407 3443 ati-

279 3488 389 3572 quihus
417 3488 505 3551 iliius
533 3487 769 3572 euemplarihus.
824 3489 999 3574 Repinouis
1027 3488 1191 3552 chronicon
1219 3486 1284 3548 sine
1315 3485 1411 3547 couti-

280 3591 426 3655 nuatione
450 3612 548 3675 paene
574 3600 670 3654 totum
696 3591 862 3674 enscripsit
888 3600 996 3654 auctor
1017 3587 1191 3650 Annalium
1214 3585 1413 3649 Mettensiurn

282 3691 356 3778 (St.
375 3693 408 3777 1)
444 3717 460 3758 e
490 3692 593 3757 codice
624 3693 700 3772 B3,
734 3702 895 3776 praeterea
926 3692 976 3754 usi
1006 3700 1076 3755 sunt
1105 3689 1208 3753 eodem
1238 3686 1412 3750 Marianus

282 3898 309 3964 1)
328 3896 494 3953 ‘Gischichtc
513 3899 561 3951 der
577 3896 739 3953 Kaisaecit'
757 3899 783 3960 Ι,
802 3896 861 3951 778.
947 3895 973 3961 2)
993 3894 1041 3949 SS.
1056 3898 1086 3957 I,
1108 3895 1142 3948 63
1156 3911 1226 3962 sqq.;
1253 3891 1329 3958 aare
1347 3891 1412 3945 heht.

282 3984 343 4048 III,
362 3982 413 4036 704
425 3997 480 4051 sqq.
562 3981 589 4048 3)
607 3983 656 4038 SS.
671 3985 700 4046 1,
722 3984 755 4036 72
770 4000 839 4051 saa.;
866 3980 893 4036 O.
908 3982 1049 4047 chlcinp,
1072 3979 1213 4034 ‘Zttrichcr
1236 3977 1362 4032 Mittheil.
1385 3993 1411 4030 a.

280 4068 431 4122 untertana.
446 4068 551 4122 (tesch'
565 4070 649 4132 XIX,
663 4070 778 4138 thbsqq.
847 4067 874 4132 4)
893 4067 1185 4132 Scheria-Boichorst,
1203 4062 1412 4132 ‘Forschunpen

281 4170 305 4207 a.
324 4152 480 4207 Dentschen
498 4153 604 4206 (iesch’
619 4157 673 4220 XI,
691 4155 851 4209 485-490.
921 4152 948 4217 5)
974 4153 1010 4205 H.
1030 4152 1145 4215 Larius,
1170 4150 1216 4204 Ἥ.
1237 4148 1368 4202 Annatcn
1386 4164 1412 4202 o.

282 4238 433 4304 Hersfeld',
451 4238 515 4292 diss.
533 4240 609 4305 Lips.
626 4240 700 4296 1885.
768 4238 794 4304 6)
813 4238 998 4303 Watteuhach,
1013 4234 1227 4291 ‘Deutschtanots
1241 4233 1412 4288 Geschichts-

280 4325 394 4395 qnaeu'
413 4326 456 4391 II,
476 4325 533 4379 186.
603 4327 628 4391 7)
645 4325 823 4382 Watteuhach
840 4326 856 4379 t.
871 4326 886 4379 t.
905 4326 950 4391 II,
968 4324 1020 4377 274
1033 4338 1071 4390 sq.
