2978 4950
346 448 544 506 RllGINONIS
562 448 782 509 CHRONICON.
817 450 849 506 A.
864 453 1017 509 eeu-718.
1212 454 1248 509 37

113 603 213 659 Franci
230 619 310 670 super
332 619 375 657 cos
393 600 574 684 cecuuxv·
590 604 678 684 milia·
690 620 726 658 ex
748 605 795 658 eis
818 604 1049 687 interfecerunt.
1089 604 1165 686 Eudq
1183 622 1246 675 quo·

114 688 266 795 luel?
277 675 683 808 {requereritur
697 671 1247 809 etbelleelldffusmerde
1260 751 1319 802 ep.
1329 753 1356 792 s.

115 808 154 863 ab
172 806 287 862 Eudone
305 807 387 861 missa
400 807 559 876 Gregorio
575 824 677 875 papae
695 808 751 862 deb
770 808 880 862 eadem
893 810 1035 864 victoria
1050 810 1247 864 continetur.

202 875 242 929 lla
259 877 422 942 tempestate
439 876 493 930 Leo
509 876 656 943 imperator
669 878 820 931 sanctorum
833 878 966 946 imagines
979 877 1114 945 depositas
1127 877 1248 934 incendit
1260 887 1402 938 n.n.v1,4a.

116 945 289 1012 Romanoque
311 944 431 1011 pontifici
453 942 611 1012 Gregorio
632 945 753 999 similiac
774 944 870 1008 iacere,
893 946 917 998 si
939 962 1027 1000 suam
1049 946 1132 1000 vellet
1148 945 1247 1001 habere

116 1013 243 1078 gratiam,
263 1011 411 1066 mandavit.
445 1011 498 1066 Sed
516 1011 637 1079 pontifex
653 1012 703 1066 hoc
720 1011 808 1067 facere
826 1014 995 1081 contempsit.
1032 1012 1126 1068 Omnis
1144 1030 1247 1084 quoque

115 1081 260 1135 Ravennae
278 1081 407 1134 exercitus
425 1081 469 1134 vel
487 1079 660 1134 Venetiarum
677 1081 779 1135 talibus
797 1081 896 1135 iussisd
912 1098 964 1136 uno
982 1082 1071 1136 animo
1089 1083 1249 1137 restiterunt

115 1152 153 1213 et,
178 1149 232 1202 nisi
257 1165 300 1203 eos
323 1147 443 1215 pontifex
465 1148 652 1215 prohibuisset,
674 1149 864 1217 imperatorem
886 1166 966 1217 super
982 1167 1010 1204 se
1033 1151 1247 1205 constituerent.

202 1215 263 1270 Per
280 1215 364 1269 idem
382 1218 508 1283 tempus
526 1216 708 1270 liutbrandus
726 1226 789 1271 rex0
808 1219 897 1272 castra
913 1218 1036 1281 Emiliae
1051 1219 1248 1273 Feronianum0

116 1287 145 1338 et
161 1283 404 1348 Montembellium,
422 1284 526 1338 Buxeta
543 1287 572 1339 et
588 1285 733 1348 Perticeta‚
751 1285 915 1339 Boroniamr
934 1289 962 1340 et
979 1286 1148 1354 Pentapolim
1167 1286 1248 1341 Auxi-

115 1376 242 1431 mumque
256 1361 364 1423 iuvasit,
382 1360 430 1415 sed
442 1364 504 1428 post
517 1360 640 1430 aliquorr
652 1360 709 1415 dies
727 1352 872 1416 Romano
890 1353 1041 1437 pontifice
1060 1354 1247 1419 elaborante

115 1438 245 1492 Romanis
263 1436 386 1491 reddita
403 1440 486 1491 sunt.

151 1556 156 1563 ,
203 1504 257 1560 Leo
279 1504 322 1559 Au
374 1507 417 1558 tus
440 1505 474 1559 ad
491 1506 581 1572 peiora
602 1522 758 1574 progressus
776 1507 888 1569 estiis,
910 1509 942 1561 ut
963 1507 1136 1575 compelleret
1157 1524 1247 1562 omnes

114 1572 327 1641 Constantinopo
341 1575 378 1627 'm
398 1573 554 1627 habitantes
572 1577 630 1628 tam
648 1575 675 1628 ri
693 1591 773 1656 quem
791 1574 985 1629 blandimentis
1006 1577 1158 1630 sanctorum
1180 1576 1248 1630 ima-

118 1642 196 1710 gines
218 1640 368 1708 deponere,
396 1644 440 1705 et,
468 1658 609 1710 quascun
637 1659 675 1697 uc
703 1643 852 1697 rnrenire
874 1645 996 1710 potuit,
1019 1644 1048 1696 in
1070 1644 1166 1698 medio
1184 1644 1248 1697 civi·

116 1709 206 1764 tatish
228 1709 352 1764 incendio
376 1711 573 1764 concremavit.
615 1660 652 1764 bc
675 1712 739 1780 quio
764 1711 885 1780 plerique
910 1728 941 1765 er
965 1712 1062 1779 populo
1083 1713 1140 1767 tale
1163 1713 1248 1766 scelus

116 1778 178 1832 fieri
194 1777 430 1845 prohibebant,
449 1778 583 1847 aliquanti
600 1795 632 1832 er
649 1779 687 1832 eia
705 1781 793 1847 capite
811 1780 937 1843 truncati,
956 1781 1020 1834 alii¹
1038 1782 1115 1847 parte
1134 1781 1248 1848 corporis

117 1845 231 1900 multati
249 1849 320 1901 sunt.
360 1844 441 1900 Cuius
459 1847 543 1901 errori
561 1845 709 1901 Germanus
751 1847 885 1902 atriarcha
901 1865 954 1902 non
972 1849 1139 1902 consentiens
1157 1866 1173 1903 a
1190 1866 1249 1916 pro·

115 1914 179 1982 pria
195 1913 258 1968 sede
276 1913 309 1969 de
327 1915 401 1968 uisus
419 1917 460 1969 est
478 1917 506 1968 et
524 1915 580 1969 eius
598 1915 627 1968 in
644 1916 702 1970 loco
744 1916 878 1970 nastasius
896 1915 1029 1983 presbiter
1046 1916 1192 1971 ordinatus.

95 2020 102 2032 .
204 1981 283 2037 Circa
308 1932 374 2037 baec
396 1985 518 2051 tempora
535 1981 645 2037 Carolus
668 1984 791 2051 princepe
815 1984 961 2051 Pippinum
985 1985 1072 2037 filium
1097 1985 1191 2038 *suum
1215 1983 1389 2041 edic-Vbi&

115 2050 317 2105 Liutbrandum
341 2067 449 2119 rogem
474 2050 579 2114 direxit,
604 2055 635 2106 ut
658 2053 714 2106 eius
737 2053 813 2106 iuxta
835 2068 934 2106 morem
957 2053 1085 2119 capillum
1103 2053 1247 2107 incideret:

115 2119 164 2188 qui
186 2119 244 2173 eius
266 2120 393 2173 cesariem
415 2119 534 2173 incidens
556 2120 582 2173 ei
598 2122 677 2187 pater
694 2120 803 2174 effectus
825 2122 867 2174 est
885 2121 1031 2189 multisque
1052 2137 1112 2174 eum
1131 2120 1248 2176 ditatum

115 2186 201 2255 regiis
218 2188 373 2242 munoribus
391 2189 508 2255 genitori
524 2188 637 2242 remisit.

203 2262 315 2318 Carolus
336 2260 447 2319 octavo
471 2253 595 2319 decimo
618 2275 702 2320 anno
728 2253 818 2337 regni
842 2255 893 2318 sui
915 2281 975 2317 cum
999 2265 1116 2319 exercitu
1139 2265 1168 2318 in
1192 2264 1248 2318 Wi·
1262 2278 1402 2321 sursum.

117 2348 228 2404 straena
248 2349 324 2404 venit
346 2360 418 2403 eam
441 2361 481 2404 ue
504 2360 582 2404 suae
605 2339 721 2404 ditioni
743 2338 890 2406 subiecit,
1305 2332 1350 2372 ¹³³·

205 2423 297 2488 Anno
314 2446 389 2490 vero
473 2427 592 2508 Eregni
611 2427 661 2489 eui
679 2435 798 2488 iterum
821 2449 890 2488 cum
912 2434 1024 2489 valida
1045 2450 1139 2488 manu
1159 2432 1248 2487 Was·
1262 2449 1291 2488 ro.
1306 2449 1352 2489 ree.

118 2516 247 2571 ooniam
264 2518 434 2587 ingrersus
452 2521 503 2574 est
520 2519 553 2575 et
565 2509 732 2575 liudonem
745 2529 843 2593 regno
859 2510 955 2574 simul
973 2517 1006 2576 et
1019 2511 1085 2575 vita
1097 2509 1246 2592 privavit.

205 2592 358 2676 Sequenti
381 2615 465 2659 anno
488 2607 581 2659 contra
601 2604 671 2658 filios
694 2603 837 2658 eiusdem
860 2603 977 2659 Eudonia
996 2604 1143 2659 dimicarit.
1260 2611 1290 2651 ib·
1305 2613 1351 2654 ⁷86.

204 2678 297 2743 Anno
326 2680 479 2745 vicesimo
511 2680 651 2744 seeundo
682 2681 772 2763 regni
803 2680 853 2744 sui
884 2690 1088 2745 Sarracenorum
1119 2690 1248 2744 exercitus
1262 2697 1294 2737 ib·
1307 2697 1353 2737 ‘1³⁷-

115 2779 225 2817 rursum
249 2765 278 2819 in
299 2764 418 2821 Galliam
441 2766 570 2820 introiens
594 2767 709 2821 multam
734 2766 946 2820 devastationem
970 2766 1050 2829 iecit;
1075 2769 1167 2821 contra
1185 2784 1249 2836 quos
1264 2774 1402 2825 anuum.

115 2831 230 2887 Carolus
258 2850 311 2888 non
340 2835 419 2904 longe
443 2852 460 2889 a
483 2834 610 2889 Narbona
634 2834 735 2889 bellum
761 2835 931 2889 committens
961 2851 1004 2889 eos
1029 2836 1100 2889 sicut
1124 2838 1152 2889 et
1175 2836 1249 2902 prius

116 2900 237 2957 maxima
254 2901 334 2957 caede
351 2903 504 3035 qqostrarit.

207 2970 299 3033 Anno
321 2969 351 3034 X
383 2969 462 3037 IIII,
485 2971 577 3052 regni
600 2970 650 3034 sui
672 2979 771 3034 iterato
792 2978 932 3034 Sarraceni
957 2978 1097 3034 Gallorum
1119 2979 1185 3033 fines
1210 2979 1249 3032 iu·
1263 2993 1401 3038 mseras.

116 3054 205 3122 gressi
229 3072 313 3125 usque
337 3055 372 3110 ad
394 3057 562 3111 Prorintiam
585 3061 715 3111 venerunt
738 3059 767 3110 et
791 3060 870 3124 capta
894 3056 1006 3111 Arelate
1030 3056 1403 3123 omniacircum·1›.n.vr,5c

116 3138 155 3191 qu
174 3138 226 3204 ,με
253 3124 377 3179 demoliti
401 3127 473 3179 sunt.
517 3124 590 3178 Tunc
613 3123 722 3205 Carolus
745 3124 998 3205 adLiutbrandum
1021 3123 1249 3204 regemmittens

117 3138 250 3245 aublrum
269 3195 362 3247 contra
375 3192 532 3248 Sarracenos
551 3194 689 3273 exposc1t3
708 3194 753 3262 qui
767 3193 837 3247 mhrl
850 3195 969 3274 moratus
983 3209 1043 3247 cum
1059 3208 1131 3246 omnr
1145 3191 1250 3259 Lango-

116 3258 265 3380 gardorum
287 3261 404 3316 exercitu
426 3262 454 3383 iq
474 3262 532 3383 elilqg
555 3260 717 3383 adiutorbqum
736 3265 901 3383 lplrfropetramt.
947 3260 1004 3325 Quo
1027 3261 1160 3327 comperto
1183 3275 1248 3327 gens

138 3343 325 3384 arracenornm
342 3346 437 3384 mora
472 3347 483 3383 1
547 3345 651 3397 regronr
671 3346 735 3383 usa
765 3347 833 3398 ugr.

205 3397 297 3461 Anno
318 3396 436 3464 XXVI.
458 3397 551 3476 regni
577 3397 628 3461 sui
654 3404 764 3460 Carolus
786 3406 1064 3462 bellicosissimus
1088 3406 1120 3458 et
1141 3404 1402 3463 ricto-Annum.

115 3479 313 3537 riorrimusk
329 3483 481 3550 princeps
499 3483 662 3537 Francorum
679 3483 816 3537 moritur.
1304 3476 1349 3514 ²4¹·

205 3548 304 3614 Fiunt
330 3552 445 3633 igitur,
481 3550 515 3613 ni
543 3549 655 3630 fallor,
691 3552 768 3614 anni
797 3550 838 3614 ab
867 3550 1089 3615 incarnatione
1118 3547 1248 3613 Domini

116 3636 299 3717 computati
325 3655 345 3699 a
373 3633 619 3718 quadragesimo
646 3635 786 3700 secundo
813 3656 897 3700 anno
923 3636 1052 3718 imperii
1079 3633 1248 3698 Octaviani

115 3740 223 3803 usque
251 3719 295 3784 ad
322 3719 472 3785 ultimum
500 3720 616 3785 Leonis
639 3721 778 3804 Augusti
807 3742 936 3799 annum,
967 3720 1021 3802 qui
1048 3719 1247 3801 temporibus

114 3805 401 3955 (lilarollilplrincipis
417 3826 569 3889 regnasse
586 3807 800 3888 cognoscitur,
819 3805 1022 3884 DCCXVIIL
1042 3825 1169 3869 menses
1188 3803 1248 3882 III,

141 3910 189 3956 les
204 3939 436 4041 Discernamus
454 3976 562 4055 etiam,
584 3976 612 4040 si
629 3975 745 4059 placet,
769 3975 897 4040 eosdem
919 3993 1022 4040 annos
1040 3972 1172 4038 Domini
1191 3992 1249 4054 per

115 4066 265 4145 tempora
287 4061 474 4144 pontificum
497 4062 714 4126 Romanorum
740 4068 773 4126 et
794 4061 974 4139 videamus,
1004 4059 1163 4140 quomodo
1187 4058 1247 4122 sibi

116 4193 420 4246 ⁸)CCCLXXXVB1.8.
482 4196 505 4247 b)
523 4196 638 4237 deuter.
700 4196 796 4245 elidem
810 4196 857 4236 Aa.
920 4196 942 4245 d)
959 4196 1014 4235 vlsle
1028 4194 1076 4235 Ae.
1140 4194 1161 4241 e)
1179 4205 1249 4234 rex-

116 4247 259 4287 remmrnrrn
271 4248 348 4287 amnt
361 4247 401 4287 Aa
415 4250 493 4288 lacuna
505 4251 585 4289 relicta.
634 4247 839 4298 Opertlbononlam
853 4247 873 4286 A
881 4250 904 4294 23
918 4248 1064 4287 bononianum
1077 4247 1097 4285 B
1107 4248 1126 4286 2.
1175 4246 1198 4295 g)
1211 4243 1249 4282 all·

116 4297 232 4349 quotrit.
285 4298 347 4349 h)ln
359 4298 431 4338 media
445 4300 535 4340 civitate
548 4301 575 4339 Β,
627 4298 644 4348 l)
657 4300 713 4339 deest
726 4300 775 4339 Be.
828 4297 1085 4348 k)vlctor1ss1mur132.

118 4383 250 4508 {imitant
269 4400 382 4507 nemag,
400 4385 466 4451 dica,
483 4401 551 4454 quos
564 4385 670 4453 Regino
688 4385 803 4451 ecbrssbet,
820 4389 891 4440 recte
910 4383 1089 4439 consummati
1100 4387 1165 4436 euru
1182 4381 1250 4436 occi

229 4468 335 4507 menses
370 4491 377 4505 .
